2828 4620
553 329 802 425 dirimas.
1227 342 1274 408 69

1066 481 1078 505 δ

92 528 222 593 verant:
254 517 278 554 ¹²
290 516 414 581 ornarit
448 518 546 581 etiam
579 532 707 604 torque,
740 527 766 582 br
794 515 926 579 armillis
951 517 1069 592 aureis,
1087 528 1272 596 caeteroque

90 603 185 686 regio
200 602 301 666 cultu.
346 606 419 723 lpse
441 604 574 685 agresti,
598 603 790 689 duplicique
805 601 944 666 amiculo
956 600 1188 677 circumdatus,
1204 597 1271 659 hir-

90 685 193 771 thqne
207 686 331 766 tunica,
348 687 356 724 ¹
381 710 496 772 gerens
510 689 544 751 in
559 690 668 774 capite
681 689 804 773 galeam
820 689 1033 765 venatoriam,
1045 685 1270 759 dextrhmanu

92 771 229 850 claram,
247 774 293 854 (a)
312 772 439 837 sinistra
454 773 618 859 copulam,
634 775 776 841 vinctum
793 786 867 855 aitte
882 796 915 835 se
932 773 1066 859 Thyum
1082 772 1211 856 agebat,
1235 781 1270 830 ut

89 858 117 919 si
134 856 233 925 ferani
249 858 380 921 bestiam
396 873 523 945 captam
539 858 683 922 duceret.
734 859 841 929 Quem
861 881 961 943 (prum
977 880 1088 923 ormrcs
1102 852 1301 940 prosatice-33

90 954 162 1004 rent
182 958 313 1029 propter
332 945 507 1007 novitatem
528 948 671 1022 ornatbs,
691 946 899 1027 ignotamque
913 942 1117 1021 formam,ob
1133 959 1269 1025 eamque

90 1046 157 1088 rem
173 1049 308 1110 magnus
322 1043 406 1091 esset
420 1044 609 1108 concursus,
623 1029 687 1092 fuit
701 1051 763 1092 non
781 1050 888 1105 nemo,
902 1029 958 1112 qui
973 1041 1164 1113 agnosceret
1174 1024 1268 1110 Thy·

90 1133 160 1189 rim,
175 1115 310 1198 regique
325 1114 501 1200 nunciaret.
547 1114 656 1177 Prima
678 1136 741 1179 non
764 1114 951 1177 accredidit.
980 1115 1108 1198 ,ltaque
1127 1112 1268 1176 Pharna·
1296 1111 1311 1131 χ

88 1194 206 1259 baz'um
226 1198 313 1261 misit
333 1198 556 1282 exploratumt
589 1221 694 1284 aquo
717 1204 841 1262 utrem
864 1213 985 1283 gestam
1009 1199 1181 1283 comperit,
1205 1209 1268 1258 sta-
1313 1263 1317 1270 ,

87 1280 145 1343 tim
163 1281 288 1345 admitti
299 1281 407 1367 jussit,
426 1305 622 1370 magnopere
641 1282 818 1347 delectatus
840 1278 915 1346 crim
930 1284 1030 1359 facto,
1045 1283 1116 1346 tiam
1130 1296 1265 1345 ornatu:
1284 1278 1323 1333 1⁰

89 1365 248 1450 imprimis
261 1367 346 1454 qnod
360 1390 423 1431 non
435 1368 507 1432 vilis
519 1391 577 1432 rex
588 1370 619 1432 in
634 1381 825 1453 potestatem
840 1369 1020 1454 inopinanti
1038 1381 1178 1431 venerat.
1204 1369 1267 1431 lta-

89 1472 154 1535 que
168 1451 343 1537 magnilica
360 1453 517 1517 Datamen
533 1451 687 1517 donatum
701 1452 739 1517 ad
758 1455 937 1517 cereitnm
959 1454 1058 1531 misit,
1082 1452 1107 1496 ¹4
1122 1454 1179 1536 qui
1196 1456 1267 1541 tum
1349 1502 1352 1508 .

89 1534 459 1616 contrahebatur-,duce
482 1539 690 1616 Pharnabazo
720 1539 749 1602 ἃ
779 1538 980 1618 Tithrauste,
1009 1537 1047 1600 ad
1069 1537 1191 1615 bellum
1209 1537 1266 1599 AE·

88 1642 132 1708 gy
139 1622 254 1706 ptium,
272 1621 323 1701 (b)
340 1624 475 1708 parique
489 1645 564 1688 eum
580 1638 677 1708 atque
692 1621 764 1686 illos
779 1624 916 1709 imperio
931 1645 999 1687 esse
1013 1623 1121 1708 jussit.
1151 1623 1266 1686 Postea

88 1708 166 1769 verb
179 1708 284 1791 quum
298 1707 541 1772 Pharnabazum
565 1731 621 1772 rex
643 1709 821 1789 revocavit,
845 1708 892 1773 illi
914 1729 1038 1773 summa
1058 1708 1187 1794 imperii
1202 1720 1264 1773 tra-
1284 1716 1324 1773 15
1360 1776 1365 1789 ,

85 1788 155 1855 dita
168 1805 226 1855 est.
836 1792 845 1807 '
915 1833 917 1836 ⁴

122 1876 303 1941 .cAP.1v.
338 1875 403 1940 Hic
427 1900 528 1962 quum
550 1879 693 1941 maximo
714 1877 822 1942 studio
845 1892 1047 1963 compararet
1068 1878 1264 1955 exercitum,

85 1961 334 2062 AEgyp'tumqus
345 1963 510 2047 proficisci
524 1977 669 2048 pararet:
693 1963 800 2026 subito
815 1987 833 2027 a
847 1986 925 2049 rege
938 1963 1038 2032 litem
1054 1981 1128 2047 sunt
1142 1964 1173 2025 ei
1188 1963 1265 2026 mis-

83 2068 145 2123 sae,
162 2061 197 2109 ut
207 2047 321 2133 Aspim
337 2046 581 2146 aggrederetur,
607 2046 630 2084 ¹⁵
646 2047 703 2135 qui
716 2049 900 2113 Cataoniam
918 2051 1067 2113 tenebat:
1091 2071 1163 2134 quae
1184 2070 1264 2133 gens

79 2128 171 2217 jacet
184 2154 282 2218 supra
296 2131 457 2211 Ciliciam,
474 2135 611 2198 confinis
627 2131 855 2219 Cappadociae.
882 2135 1042 2220 *Namque
1057 2134 1153 2218 Aspis
1166 2134 1264 2199 saltu·
1280 2141 1321 2197 20

85 2238 174 2279 osam
188 2218 354 2303 regionem
369 2216 572 2306 castellisque
584 2220 738 2287 munitam
753 2218 910 2298 incolens,
926 2241 990 2282 non
1005 2217 1110 2281 solum
1125 2219 1265 2303 imperio

84 2303 174 2386 regis
195 2324 259 2365 non
283 2302 428 2390 parebat,
451 2302 507 2367 sed
528 2306 624 2368 etiam
644 2304 796 2372 finitimas
816 2303 965 2391 regiones
979 2302 1130 2382 vexabat,
1147 2305 1264 2391 &quae

83 2387 157 2472 regi
178 2402 382 2472 portarentur
405 2388 596 2475 abripiebat.
641 2390 806 2466 Datames,
826 2390 885 2457 etsi
907 2387 1007 2474 longe
1028 2389 1137 2453 aberat
1157 2389 1197 2453 ab
1214 2388 1264 2453 his

81 2471 275 2554 regionibus
300 2469 322 2507 ¹⁶
346 2475 375 2537 ἃ
396 2494 415 2534 a
437 2471 558 2559 majore
579 2496 613 2537 re
633 2473 888 2554 abstrahebatur,
918 2487 1023 2540 tamen
1046 2495 1080 2537 re
1106 2475 1132 2536 is
1149 2473 1263 2539 volun,

82 2556 142 2619 tati
158 2576 280 2618 morem
295 2556 472 2642 gerendum
512 2560 624 2623 utavit.
669 2559 783 2645 ltaque
804 2581 880 2627 etim
895 2560 1020 2643 paucis,
1035 2496 1263 2622 sedvirisfor-
1278 2569 1316 2623 25

81 2640 185 2718 tibus,
209 2661 326 2704 navem
339 2581 527 2707 conscendit
540 2668 546 2706 z
571 2644 772 2723 existimans,
783 2644 819 2708 id
836 2643 923 2730 qnotl
941 2643 1072 2724 accidit,
1087 2642 1216 2707 facilihs
1230 2666 1265 2707 se

82 2723 325 2811 imprudentem
351 2729 611 2814 [dtimparatnm]
624 2727 725 2814 parati
736 2752 832 2799 manu
849 2728 1265 2816 oppressorumquitmpa-

83 2823 202 2890 ratum,
216 2813 362 2897 quamtis
371 2833 489 2898 magno
498 2817 655 2881 exercitu.
677 2813 751 2881 Hae
766 2814 933 2885 delatnsin
948 2813 1109 2894 Ciliciam,
1119 2836 1266 2900 egressus
1310 2828 1313 2833 '

442 3031 912 3085 INTERPRETATIO.
1300 3034 1308 3059 ¹

276 3127 314 3190 (a)
331 3127 396 3176 [aad
413 3129 525 3176 einardum.
605 3129 645 3190 (b)
663 3128 764 3191 Eumque
779 3128 822 3176 illia
837 3129 924 3192 imperio
941 3131 1073 3193 adaquavit.

588 3300 742 3354 NOTAE·

34 3418 39 3426 ·
80 3400 363 3460 satrapae‚seu‹lynastoe
373 3399 403 3448 llll
416 3401 539 3462 purpurati
548 3400 660 3448 diceban·
725 3403 756 3448 14
783 3399 828 3447 aa·
849 3406 894 3447 tum
927 3402 1110 3466 contrahebatur]
1133 3401 1268 3454 Verisimile

81 3474 129 3511 tur.
691 3465 1102 3515 estexercitmnhunoeontractum
1110 3468 1181 3515 fuisse
1188 3468 1269 3528 potius

118 3530 148 3575 12
177 3525 269 3575 ornavit
299 3529 363 3576 ctiam
388 3536 469 3593 torqtoe,
497 3530 522 3580 ὃς·
553 3528 661 3588 amillia]
691 3529 886 3589 insyrid‚rrrram
894 3531 1285 3592 alibi3qu1a,utlegiturposteh.'
1357 3562 1359 3567 ·

79 3592 183 3652 Tor-quis
193 3599 247 3640 erat
255 3593 319 3640 inter
328 3593 430 3653 insignia
445 3593 511 3653 regia
522 3594 586 3653 apud
602 3595 660 3641 Per·
691 3595 776 3654 procul
784 3601 837 3640 erat
848 3612 863 3640 a
875 3595 999 3652 Cataonia,
1006 3597 1055 3655 qub
1066 3597 1141 3642 iturus
1152 3600 1268 3645 Datames

80 3671 131 3713 sas,
158 3661 185 3703 ut
214 3658 237 3704 δι
264 3658 366 3705 armillae
388 3671 476 3714 aurea,
499 3673 560 3716 quas
580 3657 659 3704 Graeci
691 3660 939 3718 navemconscendit;
954 3660 1268 3723 &quiaexercitusillepa-

77 3719 212 3784 sspomoripo
233 3728 339 3770 vocant:
360 3723 460 3775 sumunt
478 3728 560 3774 autem
577 3721 659 3769 circuli
692 3724 790 3776 sabatur
801 3724 867 3773 circa
879 3725 962 3771 urbem
974 3727 1050 3779 Acen,
1066 3738 1120 3785 quta
1136 3727 1268 3774 Phoenielae

78 3784 177 3839 mmntli
193 3800 225 3832 ex
244 3793 351 3846 argento,
362 3786 401 3840 rel
417 3801 483 3844 auro,
495 3787 582 3848 quibus
594 3800 659 3832 sum·
691 3787 775 3834 civitas
785 3794 830 3844 est,
841 3802 962 3854 quamque
976 3790 1112 3848 Stephanus
1125 3791 1269 3839 Ptolemaim

78 3864 148 3897 mum
165 3850 289 3897 brachium
305 3850 404 3898 oramus
419 3851 492 3902 causa
512 3850 673 3910 cingebatun'
690 3865 742 3903 esse
754 3852 820 3908 diolt,
834 3853 856 3903 ἀ
870 3854 963 3909 Strabo,
981 3854 996 3900 l.
1008 3856 1044 3901 16.

78 3913 132 3972 Ην.
145 3913 362 3963 lib.1.deSubims.
726 3919 755 3963 15
778 3916 822 3962 a‘nt'
849 3915 976 3963 Cataoniam
998 3916 1101 3975 tenebam]
1152 3918 1269 3967 Cataonia

13 4028 18 4035 ¹
115 3979 147 4029 1³
175 3978 257 4024 Gerena
272 3978 317 4040 ipse
337 3978 361 4025 ia
379 3978 448 4040 capite
467 3978 552 4039 galeam
572 3984 659 4026 uenato-
691 3981 851 4045 Cappadociae
867 3995 923 4040 pars
938 3987 984 4038 est,
997 3988 1059 4029 teste
1076 3982 1163 4030 Prior.
1177 3985 1198 4031 6.
1215 3985 1269 4033 c.3.

78 4042 156 4103 viarm]
191 4043 273 4089 Galeae
293 4043 421 4090 venamiae
438 4043 528 4090 fiebant
546 4057 578 4089 ex
595 4042 658 4090 fera·
690 4059 744 4105 quai
758 4047 919 4105 Comagenam
931 4045 1034 4106 attingit
1221 4086 1224 4093 .

76 4116 132 4154 nrm
145 4120 265 4155 causarum
277 4107 380 4163 exuviis,
397 4113 470 4169 atque
484 4109 544 4154 adeb
561 4107 657 4155 hirsutis
727 4111 754 4157 16
778 4109 921 4169 Etamujore
932 4125 955 4157 re
965 4108 1146 4170 attrahebam]
1173 4112 1271 4162 Scilicet

75 4172 182 4233 pellilins
198 4172 308 4231 obductas
324 4178 400 4232 crunt,
426 4174 550 4234 Vegetins,
567 4172 607 4222 lib.
621 4177 656 4221 ll.
690 4191 705 4221 a
716 4172 778 4231 bellu
788 4170 910 4234 AEgyp'tio.

76 4248 99 4284 ⁰·
112 4239 150 4299 ¹7·
821 4255 846 4320 P
867 4258 906 4322 δ’
1197 4250 1310 4326 saue,
