2694 4620
115 325 161 395 72
412 337 675 389 CORNELH
724 332 967 401 'ir-anonis,

118 485 264 552 sistentes
285 487 443 552 'Datames
465 487 600 571 invadit,
619 490 726 574 primo
745 491 867 575 impetu
884 488 989 575 pellit,
1005 487 1169 568 fugientes
1187 506 1299 567 perse-

118 571 240 655 quitur,
256 570 374 634 multos
388 573 563 651 interfecit,
578 585 681 643 castra
693 573 833 638 hostium
847 575 944 661 capit.
985 571 1060 636 Tali
1081 569 1217 634 consilio
1232 592 1298 633 uno

118 669 268 742 tempore
284 660 314 720 δι
330 657 510 744 proditores
523 657 676 744 perculit,
695 659 846 724 &hostes
860 658 1067 744 profligarit;
1098 657 1127 720 da
1147 653 1242 740 quod⁸
1254 653 1299 718 ad

119 763 209 805 suam
225 740 402 827 pernicicm
416 743 525 807 fuerat
541 745 733 828 cogitatum,
753 743 785 807 id
801 743 990 808 adsalutem
1005 741 1175 806 convertit.
1220 740 1299 811 Quo

30 907 33 911 1
89 837 106 889 5
120 849 228 912 neque
242 827 366 891 acutius
377 828 473 919 ullius
483 829 686 915 imperatoris
696 829 886 916 cogitatum,
900 850 1007 914 neque
1021 826 1160 893 celerius
1173 824 1300 889 factum

119 934 256 996 usquam
272 912 422 994 legimus
885 915 887 920 ’
1289 954 1293 960 ·

164 997 259 1061 CAP.
275 999 351 1060 VII.
387 1000 438 1061 Ab
459 998 522 1061 hoc
542 1011 649 1063 tamen
674 1000 741 1062 viro
763 997 788 1036 ²⁵
802 1002 931 1086 Sysinas
945 999 1104 1062 maximus
1121 1007 1201 1060 natu
1215 992 1299 1059 iilius

120 1081 248 1162 desciit,
264 1081 371 1168 adque
384 1105 497 1167 regem
511 1084 647 1163 transiit,
661 1083 744 1150 &de
755 1085 940 1161 defectione
954 1084 1051 1168 patris
1061 1079 1190 1147 detulit.
1220 1081 1298 1152 Quo

24 1241 27 1245 ¹
120 1169 241 1239 nuncio
256 1167 453 1233 Artaxerxes
466 1182 659 1246 commotus,
672 1168 760 1254 quod
771 1169 974 1252 intelligebat
983 1169 1043 1232 sibi
1054 1189 1130 1231 cum
1141 1166 1212 1229 viro
1223 1167 1301 1230 forti

70 1263 109 1317 10
121 1273 158 1316 ac
173 1266 305 1317 strenuo
317 1255 484 1340 negotium
500 1276 584 1333 esse,
596 1257 651 1339 qui
665 1277 765 1338 quum
781 1254 969 1341 cogitasset,
984 1254 1093 1318 facere
1107 1250 1257 1329 auderet,
1269 1253 1300 1317 dt
1334 1300 1342 1320 s

120 1337 213 1425 prius
227 1339 384 1422 cogitare,
400 1337 499 1426 quam
514 1339 636 1417 conari,
652 1340 855 1422 consuesset:
871 1337 1149 1426 Autophradatem
1164 1336 1198 1400 in
1212 1339 1262 1401 Ca
1285 1377 1300 1402 ψ

119 1421 289 1510 psdociam
312 1423 419 1488 mittit.
462 1425 526 1486 Hic
551 1446 592 1487 ne
615 1424 734 1490 intrare
757 1439 867 1511 posset
887 1425 1017 1503 saltum,
1040 1422 1108 1487 ‘²⁷in
1131 1443 1198 1507 quo
1222 1359 1299 1487 Ciii·

121 1511 179 1572 ciac
194 1522 296 1595 portae
313 1520 388 1573 sunt
402 1509 483 1587 sitae,
495 1511 647 1575 Datames
662 1532 894 1596 praeoccupare
904 1509 1027 1574 studuit
1040 1534 1049 1586 3
1063 1507 1121 1572 sed
1135 1521 1200 1570 tam
1213 1508 1302 1573 subi·

120 1597 155 1658 to
177 1594 503 1680 copiascontra‘here
525 1617 588 1659 uon
614 1597 729 1681 potuit.
774 1596 885 1681 Aqua
907 1617 942 1658 re
965 1593 1133 1679 depulsus,
1158 1615 1236 1657 oum
1258 1592 1300 1657 ea

69 1689 231 1758 larnano,
272 1701 345 1743 uam
360 1691 576 1757 contraxerat,
592 1679 700 1744 locum
715 1680 838 1767 delegit
854 1680 963 1760 talem,
984 1694 1022 1744 ut
1041 1700 1148 1764 neque
1162 1678 1302 1743 circum-

119 1764 221 1830 iretur
242 1703 282 1829 ii>
305 1764 463 1844 hostibus,-
486 1787 594 1849 neque
617 1767 798 1851 praeteriret
818 1765 1029 1844 adversarius,
1064 1761 1118 1849 (k)
1167 1763 1221 1828 uin
1244 1785 1302 1827 an-

120 1850 275 1935 cipitibus
296 1849 376 1914 locis
400 1863 624 1935 premeretur3
652 1853 727 1915 &si
753 1839 909 1917 dimicare
934 1871 1009 1914 cum
1034 1872 1075 1913 eo
1097 1785 1211 1927 veiiet,
1227 1870 1317 1914 non-

119 1935 260 2015 multum
275 1935 388 1999 obesse
403 1935 578 1999 multitudo
595 1934 733 2001 hostium
748 1960 813 2001 suae
829 1936 983 2022 paucitati
999 1948 1118 2020 posset.

164 2022 260 2084 CAP.
276 2020 367 2084 VIlI.
407 2021 488 2083 Haec
518 2020 577 2084 etsi
605 2021 866 2107 Autophrodates
890 2020 1034 2099 ridebat,
1063 2020 1163 2083 satius
1190 2032 1303 2084 tamen

67 2117 109 2172 20
120 2106 231 2171 statuit
240 2103 408 2190 congredi,
422 2106 520 2190 quam
535 2128 609 2168 cum
620 2108 715 2171 tantis
726 2109 830 2193 copiis
840 2106 1006 2192 refugere,
1017 2117 1072 2169 aut
1083 2117 1147 2169 tam
1162 2101 1219 2166 diu
1236 2126 1303 2168 uno

120 2190 328 2265 locosederc.
346 2190 497 2255 Habebat
506 2190 712 2255 barbarorum
722 2193 869 2277 equitum
878 2188 1159 2277 viginti,peditum
1167 2207 1304 2254 centum

118 2274 230 2355 millia,
251 2274 277 2312 ‘2⁸
291 2299 373 2361 quos
388 2275 435 2339 illi
450 2275 609 2359 Cardacas
623 2277 804 2362 appellant,
830 2276 855 2316 2⁹
869 2274 1228 2363 ejusdemquegeneris
1242 2275 1311 2343 tria.

118 2359 329 2427 funditorum.
375 2361 538 2426 Praeterea
558 2359 585 2399 ³⁰
600 2361 833 2448 Cappadocum
849 2377 937 2441 octo,
960 2360 984 2398 ³¹
1000 2361 1230 2429 Armeniorum
1243 2359 1303 2425 de-

516 2695 910 2743 INTERPRETATIO.

387 2876 391 2881 ,
403 2834 443 2894 (k)
459 2831 588 2882 attaminat
597 2820 692 2890 osrorite
703 2828 727 2886 ἐς
738 2826 753 2880 ὰ
764 2840 824 2896 tergo
833 2837 952 2903 argeremra

951 2934 954 2939 .
1011 2935 1025 2966 τ
1109 2933 1111 2939 ,

508 3174 522 3207 ,ι
642 3109 774 3157 NOTAE

496 3206 505 3231 ι

151 3280 184 3325 ‘36
199 3276 289 3337 Sasirros
302 3271 557 3331 aroxiraasnatufilius]
590 3270 695 3320 (atridam
725 3282 782 3315 nam
791 3267 857 3313 cardo
865 3268 929 3327 apud
938 3282 977 3313 eos
989 3263 1304 3312 bellicosumaviolentum

117 3329 243 3390 saama:
268 3341 310 3389 sea
337 3336 426 3399 synna
448 3337 558 3398 praearo,
580 3335 637 3396 qua
665 3335 696 3381 aa
717 3332 881 3390 'significabat
930 3333 1014 3378 sarano
1041 3330 1081 3381 na,
1100 3332 1136 3377 15.
1187 3327 1305 3387 Polybius

120 3406 216 3453 Persica
224 3407 320 3454 nomina
331 3401 427 3462 propias
438 3401 536 3449 accedit
724 3403 816 3456 tamen,
833 3397 856 3442 δι
869 3396 982 3442 Arrianus
991 3395 1044 3442 illos
1054 3394 1117 3442 Asia
1129 3393 1186 3440 min.
1199 3391 1306 3453 populos

154 3473 185 3518 27
202 3471 279 3530 laquo
292 3468 373 3518 cilicia
381 3472 512 3527 portoesuat
526 3464 594 3522 sita]
611 3462 696 3511 Cilicia
724 3477 776 3509 esse
790 3460 903 3508 scribunt.

120 3535 225 3596 undique
235 3536 284 3583 scre
295 3531 410 3595 perpetua
422 3528 539 3578 montium
548 3528 635 3575 catena
644 3518 695 3574 cin-
757 3529 788 3574 29
811 3525 955 3586 Ejurdcmque
972 3515 1067 3587 generis'
1080 3523 1124 3570 tria
1137 3516 1306 3580 sancitorum]

120 3599 192 3660 gitur,
200 3614 244 3646 nce
256 3600 314 3647 adiri
326 3602 404 3658 potest
419 3596 464 3642 nisi
477 3611 520 3654 per
528 3601 577 3640 tres
588 3593 695 3652 angusti·
724 3588 894 3650 Supplemilliu.

120 3678 156 3720 as,
167 3678 268 3725 quarum
277 3664 358 3725 ¹prima
372 3661 511 3713 adcoarcta
524 3663 569 3714 est,
581 3664 608 3705 ut
621 3659 697 3704 instar
755 3659 787 3704 30
805 3653 950 3715 Cappadocum
969 3651 1034 3710 octa]
1066 3649 1219 3711 Cappadocia
1237 3648 1304 3697 nsiae

119 3737 246 3788 portarum
258 3729 292 3774 fit.
325 3725 434 3774 Secunda
451 3740 499 3772 non
515 3724 599 3785 procul
613 3728 651 3770 est
665 3723 696 3768 ab
723 3720 780 3767 min.
792 3719 864 3780 regio,
873 3731 946 3778 quam
959 3718 982 3763 in
992 3719 1051 3764 duas
1062 3712 1304 3774 satrapiasaPersia

121 3793 172 3840 Isso
194 3808 239 3854 per
262 3793 383 3839 Amanum
401 3794 515 3843 montem,
536 3787 600 3834 unde
621 3789 695 3834 Ama-
722 3785 823 3832 divisam
835 3783 907 3830 fnisse
918 3782 993 3829 tradit
1004 3783 1094 3828 Strabo.
1127 3777 1223 3826 vida&
1236 3777 1303 3826 Plio.

119 3857 181 3905 nicta
191 3861 268 3917 porra
278 3855 350 3902 dictae
358 3861 420 3900 sunt.
453 3854 535 3902 Tertia
542 3852 607 3898 circa
616 3851 695 3898 sinum
723 3848 762 3897 lib.
773 3852 795 3896 6.
807 3862 862 3906 cap.
871 3850 893 3895 2.
903 3846 925 3891 δι
935 3849 964 3905 3.,

121 3922 228 3980 issicum.
277 3920 346 3968 Prin..
358 3917 398 3965 lib.
418 3933 440 3965 c.
467 3933 520 3978 cap.
542 3919 580 3963 27.
607 3917 629 3962 δι
654 3915 694 3962 alii
755 3915 783 3962 :31
809 3911 962 3958 Amaaiomm
979 3909 1068 3969 decem]
1099 3907 1215 3957 Armenia
1236 3905 1303 3953 Asiae

117 4000 202 4034 omnes
217 3983 361 4047 Geographi.
379 3983 440 4030 Vide
456 3983 479 4030 δι
496 3981 605 4034 Curtium
622 3981 662 4028 lib.
671 3981 694 4028 3,
721 3978 811 4037 pariter
821 3976 877 4023 min.
889 3974 952 4033 regio
959 3974 1103 4021 nobilissima
1118 3974 1180 4019 inter
1188 3973 1303 4028 Taurum

117 4065 171 4112 cup.
179 4052 201 4099 d.
723 4043 892 4090 &Caucasum
907 4038 963 4097 sira,
978 4053 1033 4099 quae
1045 4039 1069 4085 in
1087 4036 1202 4097 majorem
1215 4035 1238 4081 δι
1251 4035 1303 4082 mi·

116 4102 122 4110 '
151 4117 182 4161 as
208 4115 266 4163 aas
282 4113 314 4160 ru
336 4111 443 4159 caraea
457 4109 582 4174 apruna]
623 4108 694 4169 spuo
721 4120 802 4155 norem
817 4105 935 4153 uramur.
966 4103 1028 4152 viae
1048 4103 1106 4150 orn.
1125 4101 1166 4148 na.
1180 4106 1199 4149 r.
1220 4100 1303 4147 suaa.

116 4181 202 4261 ¹Persas
210 4180 245 4228 sic
253 4179 393 4229 dicebantur
401 4176 443 4240 qui
451 4191 482 4226 ex
491 4182 562 4240 rapto
574 4173 696 4244 vivebant:
720 4171 761 4222 lib.
772 4173 795 4219 a.
804 4173 830 4237 ὃς
839 4167 963 4237 Ptolemaei
972 4168 1120 4235 a'raoplsm
1129 4166 1200 4215 Asta.

1211 4248 1301 4308 cem,
