2694 4620
122 302 190 368 134
433 322 693 372 conuenit
745 324 978 392 unrorrs,

121 467 394 551 Pergamenorum
402 471 585 554 superavit:
601 469 916 554 nequetumsolbm,
926 467 1299 558 sedsaepealiis-pedes-

120 552 224 616 tribus
237 555 341 637 copiis
355 556 427 641 pari
442 553 616 640 prudentiis
630 553 758 641 pepulit
771 552 977 619 adversarios.
1283 578 1300 599 ⁴

51 718 53 723 ,
164 639 259 704 CAP.
276 638 350 703 ΧΠ.
388 642 470 713 Quat
493 640 569 703 dum
592 640 625 702 in
649 635 729 705 Asia
745 653 914 724 geruntur,
935 640 1055 703 accidit
1074 662 1166 721 casu,
1190 653 1230 704 ut
1252 641 1298 706 le-

122 724 332 808 gati'Prusiae
358 726 469 789 Romae
493 723 619 810 ⁸⁰apud
640 725 677 790 L.
694 724 864 795 Quintium
881 724 1071 789 Flaminium
1093 727 1299 791 consularem

90 824 309 893 5coenarent3
336 826 436 897 utque
459 813 504 876 ibi
528 811 569 875 de
593 808 779 874 Hannibale
798 811 961 884 mentione
974 809 1075 888 facta,
1094 832 1136 874 ex
1152 812 1300 876 hisunns

122 891 259 974 diceret,
274 917 348 959 eum
364 898 395 959 in
414 899 535 961 Prusiae
548 918 650 980 regno
663 917 743 960 esse.
780 893 817 958 Id
836 909 967 982 postero
987 895 1041 959 die
1057 896 1237 962 Flaminius
1251 919 1301 962 se·

123 981 213 1044 natni
226 979 352 1044 detulit.
397 984 506 1047 Patres
518 982 706 1066 conscripti,
723 980 781 1066 qni
794 981 978 1044 Hannibale
992 983 1069 1045 vivo
1084 1004 1253 1079 nunquam
1268 1004 1302 1046 se

123 1065 192 1128 sine
205 1065 329 1129 insidiis
343 1066 470 1132 futuros
483 1065 723 1144 existimabant,
743 1064 868 1150 legatos
880 1069 914 1128 in
929 1066 1115 1152 Bithyniam
1131 1082 1303 1147 miserunt,

123 1145 146 1197 ⁸-¹
161 1151 194 1213 in
210 1150 258 1214 his
272 1151 476 1232 Flaminium,
497 1146 589 1238 quia
602 1172 681 1237 rege
694 1163 854 1235 peterent,
879 1172 921 1215 ne
934 1153 1191 1216 inimicissimum
1205 1167 1301 1217 suunt

56 1255 233 1325 ·10aecum
249 1236 392 1314 haberet,
410 1239 536 1325 sibique
550 1236 693 1315 dederet.
739 1236 801 1298 His
826 1237 953 1299 Prusias
973 1250 1091 1322 negare
1114 1260 1212 1302 ausus
1236 1250 1302 1302 non

124 1331 191 1383 est:
215 1320 296 1384 illud
311 1325 485 1402 recusavit,
500 1345 549 1387 ne
572 1320 606 1385 id
626 1344 645 1385 a
667 1343 701 1384 se
726 1321 796 1384 fieri
811 1322 1026 1405 postularent,
1044 1323 1132 1408 qubd
1147 1321 1303 1388 adversus

119 1403 176 1491 jus
190 1405 322 1492 hospitii
337 1421 439 1471 esset:
463 1409 527 1494 ipsi
541 1410 568 1471 si
582 1418 727 1493 possent,
748 1405 1073 1489 comprehenderent:
1101 1407 1225 1486 locum,
1246 1408 1302 1472 nbi

123 1502 219 1570 esset,
234 1491 333 1557 facile
348 1492 545 1557 inventuros.
579 1490 755 1556 Hannibal
777 1490 864 1552 enirn
887 1513 953 1554 uno
974 1492 1048 1556 loeo
1072 1515 1107 1557 se
1122 1494 1315 1567 tenebatin·

125 1575 271 1657 castello,
283 1576 371 1661 quod
381 1579 414 1642 ei
425 1579 464 1642 ab
479 1601 557 1665 rege
571 1577 681 1641 datum
695 1589 764 1639 erat
778 1576 921 1638 muneri:
939 1576 1037 1664 idque
1052 1577 1098 1640 sic
1112 1577 1303 1658 aedificarat,

72 1692 111 1747 15
125 1657 151 1717 ³²
165 1674 201 1722 ut
214 1663 247 1726 in
261 1662 410 1727 omnibus
425 1666 568 1751 partibus
583 1661 711 1727 aedilicii
724 1659 849 1724 exitum
858 1661 1012 1739 haberet3
1031 1684 1161 1748 semper
1178 1684 1303 1744 verens,

125 1766 167 1809 ne
181 1767 240 1810 usu
256 1749 412 1827 eveniret,
428 1749 513 1835 quod
530 1747 659 1812 accidit.
693 1747 769 1810 Huc
784 1766 887 1830 quum
901 1746 999 1833 legati
1011 1749 1236 1812 Romanorum
1250 1772 1302 1813 ve-

125 1831 261 1914 nissent,
277 1855 313 1897 nc
329 1834 535 1899 multitudine
549 1833 682 1897 domum
694 1829 765 1916 ejus
780 1831 1067 1896 circumdedissent
1081 1855 1191 1918 apner
1201 1835 1243 1896 ab
1254 1833 1302 1920 ja.

125 1915 193 1979 nub
205 1920 421 2004 prospiciens,
434 1918 714 1996 Hannibalidixit,
725 1915 835 2002 plures
845 1930 961 2001 praeter
970 1917 1242 1983 consuetudinem
1254 1941 1301 1983 ar-

125 2015 229 2066 matos
248 2025 423 2091 apparere:
453 2006 510 2090 qui
533 2005 706 2089 imperavit
726 2002 771 2080 ei,
793 2014 830 2064 ut
851 2024 963 2067 omnes
985 2004 1071 2067 fores
1092 2002 1228 2068 edificii
1241 2007 1301 2069 oir-

53 2168 54 2175 Ὶ
72 2120 114 2175 20
128 2089 278 2166 cumiret,
294 2111 332 2152 ac
346 2091 489 2177 propere
511 2091 573 2153 sihi
593 2089 808 2164 renunciaret,
824 2108 902 2151 nuni
916 2087 1029 2157 eodem
1045 2088 1145 2152 modo
1162 2089 1302 2177 undique

126 2171 339 2245 obsideretur.
384 2177 470 2239 Puer
484 2197 585 2260 quum
602 2173 764 2249 celeriter,
790 2171 868 2258 quid
889 2186 972 2237 esset
985 2173 1222 2256 renunciasset,
1238 2198 1301 2241 om-

127 2261 366 2352 nesqueexitns
381 2274 556 2347 occupatos
568 2258 777 2334 ostendisset,
792 2258 892 2320 sensit
903 2257 938 2320 id
950 2281 1014 2322 non
1025 2259 1162 2323 fortuite
1171 2260 1300 2340 factum,

127 2343 187 2407 sed
208 2366 242 2409 se
263 2347 344 2430 peti,
365 2368 472 2494 nepus
494 2345 555 2409 sibi
574 2344 696 2411 diutius
710 2344 807 2408 vitam
825 2363 893 2405 esse
908 2343 1129 2408 retinendam:
1177 2358 1299 2411 uamn'e

128 2427 236 2493 alieno
258 2428 390 2499 arbitrio
435 2433 600 2510 imitteret,
623 2451 745 2493 memor
766 2427 972 2517 pristiparnm
985 2429 1158 2511 virtutum,
1208 2429 1299 2501 verie-

75 2547 115 2603 25
128 2532 220 2592 num,
237 2512 323 2598 quod
340 2536 467 2600 semper
483 2538 591 2579 secum
608 2515 724 2578 habere
738 2528 964 2593 consueverat,
979 2515 1127 2600 sumpsit.
1278 2570 1282 2575 .

81 2605 84 2612 '
172 2599 267 2662 CAP.
285 2600 374 2663 Xlll.
420 2601 474 2663 Sic
502 2602 551 2663 vir
572 2601 777 2674 fortissimus,
801 2590 911 2661 mullis
934 2600 1093 2684 variisque
1116 2601 1295 2686 perfunctus

128 2681 305 2765 laboribus,
320 2683 347 2729 ⁸4
360 2707 446 2761 anno
460 2683 623 2781 acquievit
637 2680 887 2778 septuagesimo,
912 2685 1041 2765 Quibus
1055 2687 1243 2761 consulibus
1253 2689 1294 2761 in·
1337 2684 1339 2689 ’

651 2970 778 3021 Now,

120 3122 122 3127 ’
158 3104 201 3160 ’ὅθ’
236 3110 306 3173 Apta
344 3110 372 3158 L.
403 3110 517 3159 Quintium
557 3107 707 3167 flaminium]
732 3110 796 3157 male
807 3116 899 3169 gestam
911 3106 1077 3162 ‹licuhtzsunt
1087 3114 1201 3176 quierunt
1210 3113 1291 3161 affixum

128 3140 187 3235 hel,
198 3185 227 3233 nt
237 3177 379 3237 quibasdam
391 3177 479 3236 placet,
488 3173 641 3223 Flamininum.
661 3175 707 3222 Hic
732 3178 827 3223 volunt:
838 3177 944 3239 plerique
950 3185 1033 3225 tamen
1040 3195 1134 3227 veneno
1143 3179 1291 3240 pcriisseasst·

131 3243 158 3290 C.
181 3241 289 3291 Flaminii
311 3241 423 3295 consulis,
442 3240 483 3299 qni
503 3241 567 3300 apud
587 3240 705 3286 Trasime-
732 3247 795 3296 runt,
811 3239 874 3301 qnod
890 3242 933 3288 sub
946 3242 1027 3289 annuli
1042 3244 1139 3304 gemma
1153 3239 1289 3299 servabati-

132 3322 193 3355 num
203 3307 228 3354 in
238 3306 290 3362 acie
302 3306 332 3352 ab
344 3305 478 3352 Hannibale
489 3306 582 3354 occisus
592 3309 637 3361 est,
646 3304 708 3352 filius
733 3311 774 3351 cet
794 3306 886 3353 diverso
906 3308 983 3355 modo.
1015 3308 1080 3354 Alias
1099 3309 1218 3368 opiniones
1234 3306 1291 3356 refert

129 3373 184 3419 ruit
234 3400 237 3407 ·
734 3371 882 3417 Plutarchus.
923 3375 997 3419 Porro
1022 3373 1101 3420 Livius
1120 3375 1174 3421 haec
1198 3379 1292 3435 suprema

160 3440 191 3486 ’81
213 3433 457 3492 latitationem]
489 3433 527 3478 Ad
545 3433 653 3483 Prusiam
673 3435 708 3481 lc·
733 3434 805 3481 luisse
825 3436 962 3483 Hannibalis
986 3439 1058 3485 verba
1079 3438 1169 3485 refert:
1199 3437 1291 3486 &taam

132 3507 202 3558 gatus
221 3502 332 3552 Quintius
348 3499 479 3547 Flaminius
496 3498 570 3554 venit,
590 3505 618 3545 ut
637 3500 709 3546 relcrt
733 3497 836 3546 diuturni
854 3497 906 3545 cart
922 3500 1023 3563 populum
1040 3501 1106 3552 Rom.
1121 3503 1207 3572 picando
1223 3504 1293 3549 moriat
1337 3558 1339 3563 Ι

115 3620 117 3625 ,
132 3565 212 3616 Evina
220 3569 259 3613 39.
270 3566 356 3613 Annal.
733 3562 790 3609 senis
800 3569 921 3626 exspectare
930 3565 1020 3626 longam
1029 3572 1106 3619 tenet,

166 3633 197 3676 82
224 3629 254 3678 Ut
271 3631 299 3676 in.
307 3628 405 3676 omnibns
416 3626 515 3690 partibus
529 3626 616 3686 edificii
628 3625 710 3675 exitum
767 3631 798 3675 st
830 3626 897 3676 Auno
924 3630 1027 3692 acquievit
1059 3630 1232 3693 septuagesimo]
1271 3626 1293 3672 0¹
1337 3642 1339 3649 ·

130 3693 237 3753 liaberet]
278 3695 315 3741 Sic
342 3695 415 3742 ctiam
442 3692 514 3739 sentit
542 3693 627 3745 Livius,
678 3693 711 3738 Et
735 3693 806 3740 Fabio
825 3693 940 3749 Labeone,
968 3696 990 3740 &
1011 3697 1046 3741 M.
1071 3696 1171 3744 Claudio
1193 3689 1295 3744 Maronis

132 3759 277 3806 Plutarchus
292 3759 317 3805 in
334 3757 466 3805 Hannibale
485 3756 572 3811 scribit,
589 3756 668 3805 locum
685 3757 710 3804 in
735 3759 799 3813 Coss,
811 3772 875 3805 atino
886 3759 950 3805 urbis
967 3759 1068 3807 condita
1085 3763 1142 3808 571.
1158 3766 1187 3808 nt
1199 3764 1260 3822 parat
1270 3760 1298 3801 θῑ

131 3839 180 3884 quo
187 3824 381 3872 commorabatur
388 3823 515 3878 Hannibal,
525 3820 651 3880 Lybissum
659 3821 709 3868 dic·
735 3822 872 3870 Cassiodori-
886 3824 1014 3872 chronicis.
1056 3825 1159 3884 Insignis
1178 3826 1216 3874 hic
1232 3829 1296 3872 annus

131 3898 183 3936 rum
194 3888 274 3936 fuisse.
734 3887 806 3935 trium
825 3893 875 3934 toto
892 3889 949 3934 orbe
965 3890 1125 3937 maximorum
1142 3891 1298 3951 imperabam

164 3956 195 4000 85
221 3953 340 4011 Venenum,
363 3949 422 4014 quod
440 3961 520 4012 seraper
542 3965 612 3996 serum
633 3948 710 4003 labere
735 3953 849 3999 mortibus
869 3952 924 4009 fuit,
945 3953 1043 4011 scilicet,
1066 3956 1215 4011 Hannibalis
1233 3947 1299 4001 Phile

130 4017 286 4075 contum-erat]
307 4014 367 4063 ”De
392 4015 529 4062 Hannibalis
556 4023 633 4061 morte
661 4030 708 4060 non
735 4017 860 4076 poemenis,
878 4018 900 4063 δι
919 4017 1032 4080 Scipionis
1047 4019 1163 4080 Africani,
1196 4022 1254 4069 Just
1264 4012 1297 4063 ll)-

131 4082 191 4128 benc
203 4081 370 4128 consentiunt:
390 4086 446 4127 sunt
455 4081 522 4126 eninr
536 4079 578 4139 qui
593 4079 708 4139 lapidibus
736 4085 774 4130 32.
788 4095 842 4143 cap.
853 4082 947 4139 ultimo.

130 4146 243 4206 obrutum
256 4146 328 4194 fuisso
340 4143 601 4213 atearthaginiensibus
612 4145 642 4193 ob
658 4158 719 4200 rent.
844 4207 846 4211 y
1090 4194 1093 4200 Δ
1209 4172 1252 4287 ἃ
1267 4204 1272 4217 ¹
