2694 4620
125 345 196 410 130
450 361 979 429 constantissimam,

119 502 198 573 Post
212 506 244 569 id
257 508 393 588 factum,
409 511 522 594 paucis
541 510 656 575 diebus
676 510 703 548 ⁵⁹
718 511 806 596 apud
829 512 963 573 Zamam
984 529 1060 573 cum
1080 505 1201 575 eodem
1223 528 1298 577 cou-

119 589 215 655 flixit.
261 594 390 674 Pulsus,
412 595 602 661 incredibile
616 596 722 676 dictu,
739 596 838 661 hiduo
857 597 886 660 lit
902 594 1027 658 duabus
1041 592 1195 671 noctibus
1216 589 1300 657 ΨΑ·

119 675 304 745 drumetum
319 682 481 762 pervenit,
497 682 585 765 quod
599 683 691 747 abest
711 703 730 745 a
749 679 852 745 Zami
873 680 1002 744 circiter
1023 677 1127 743 millia
1146 699 1303 764 passuum

118 773 274 830 trecenta.
319 768 353 829 In
373 766 435 831 hire
449 767 531 851 fuga
546 767 711 846 Numidae,
735 769 792 853 qui
809 765 905 829 simul
919 783 996 828 cum
1009 786 1049 828 eo
1065 764 1135 829 atie
1149 785 1303 829 excesse-

87 852 204 929 Srant,
224 850 364 915 insidiati
385 866 460 917 sunt
480 855 528 916 ei:
542 875 634 938 vquos
657 875 720 917 non
745 852 851 917 solum
864 849 991 934 effugit,
1013 847 1071 914 sed
1091 849 1192 921 etiam
1216 850 1303 932 ipsos

119 937 291 1019 oppressit.
336 936 506 1001 adrumeti
525 939 667 1023 reliquos
681 959 725 1002 ex
738 936 820 1023 fuga
835 935 987 1021 collegit:
1011 935 1106 999 novis
1119 933 1305 999 delentibus

77 1048 80 1053 ·
118 1021 232 1102 paucis
246 1020 360 1085 diebus
378 1023 494 1087 multos
509 1026 680 1088 contraxit.
858 1066 860 1070 ι
1032 1074 1035 1081 .

121 1162 125 1171 .
162 1105 257 1170 CAP.
275 1109 348 1171 Vll.
391 1110 501 1180 Quum
530 1102 563 1175 in
591 1108 778 1194 apparando
807 1105 964 1171 acerrime
988 1118 1077 1170 esset
1105 1126 1192 1169 occu
1218 1116 1301 1183 ants,

119 1190 400 1278 Carthaginienses
419 1193 440 1229 ⁶¹
457 1193 579 1258 bellum
598 1216 672 1259 cnm
692 1195 784 1259 Rom·
797 1194 846 1257 nis
866 1214 939 1256 com
965 1204 1131 1257 osuerunt.
1153 1248 1158 1265 ‚
1208 1190 1240 1255 le
1254 1190 1301 1255 ni·

67 1279 108 1333 10
120 1272 187 1339 hilo
201 1278 306 1340 senilis
320 1279 480 1345 exercitui
497 1293 606 1364 postea
613 1279 763 1399 praefuit,
776 1300 826 1342 res
851 1299 893 1341 ue
904 1279 936 1342 in
949 1276 1181 1425 Africaffiessit
1196 1278 1303 1360 (item-

119 1380 185 1509 que
212 1362 321 1449 Mago
356 1366 453 1428 frater
488 1363 571 1449 eius)
626 1364 770 1450 2usque
876 1361 1028 1427 Publium
1083 1359 1302 1447 ulpieium&

18 1458 21 1463 '
117 1504 120 1509 .
149 1448 432 1515 aium..-Anrelinm
453 1452 541 1514 Coss.
576 1453 636 1513 His
658 1450 745 1515 enim
766 1448 1004 1534 magistratibus
1017 1445 1118 1534 legati
1130 1447 1302 1532 Carthagi-

118 1530 245 1597 nienses
267 1535 404 1599 Romam
421 1537 672 1629 venerunt,.qpi
694 1537 818 1599 senatui
840 1533 1032 1618 populoque
1054 1532 1206 1604 Romano
1225 1552 1302 1628 gl&

119 1616 180 1683 tias
202 1633 349 1703 agerent,
369 1620 455 1706 quod
470 1643 545 1684 cunr
560 1621 609 1683 his
625 1643 737 1707 ponem
750 1620 926 1694 fecissent3
952 1619 994 1680 ob
1011 1638 1148 1702 eamque
1162 1638 1235 1681 ram
1248 1639 1303 1681 oo-

67 1706 106 1761 15
122 1690 393 1769 &nanifestam
406 1707 576 1788 (laniarent,
593 1705 755 1791 simulque
770 1719 930 1790 peterent,
953 1701 978 1740 ⁶³
995 1716 1030 1767 ut
1044 1701 1176 1769 obsides
1189 1722 1304 1767 eorum

117 1788 275 1873 ¹Fregellis
289 1807 407 1870 essent,
422 1795 611 1876 captivique
625 1789 847 1863 redderentur.
887 1789 948 1853 His
960 1810 1004 1854 err
1018 1788 1302 1855 senatusconsulto

108 1873 309 1958 :responsum
319 1892 386 1940 est:
414 1898 528 1940 manns
541 1899 653 1940 eorum
665 1890 792 1962 gratnm
806 1887 1043 1962 acceptumque
1056 1894 1142 1937 esse:
1159 1871 1302 1952 obsides,

119 1981 185 2042 quo
199 1960 273 2023 loeo
286 1957 447 2045 rogarent,
464 1962 610 2040 futuros3
629 1965 774 2049 captivos
788 1967 853 2025 n'on
871 1961 1070 2038 remissurus,
1081 1957 1195 2042 quoad
1210 1959 1304 2023 Hau·

118 2044 272 2124 nibalem,
289 2048 383 2131 cnjus
397 2069 496 2132 opera
509 2060 696 2147 susceptum
709 2046 833 2112 bellum
848 2045 946 2125 foret,
968 2043 1230 2115 inimicissimum
1246 2066 1302 2109 uo-

65 2131 197 2193 201nini
220 2131 433 2208 Rouana&
460 2155 545 2197 nnnc
567 2154 643 2197 eum
666 2155 803 2218 imperio
822 2130 910 2217 apud
930 2130 1111 2194 exercitum
1130 2129 1301 2208 haberent,

117 2215 261 2300 itemque
282 2217 413 2280 fratrem
434 2217 505 2302 ejus
527 2219 713 2302 Magonem.
760 2219 833 2280 Hoc
847 2237 1003 2303 responso
1020 2213 1304 2301 Carthaginienses

114 2303 265 2384 cognito,
281 2303 497 2367 Hannibalem
517 2303 648 2366 domurn
667 2305 908 2388 Magonemque
924 2299 1144 2365 revocarunt..
1171 2300 1255 2378 Hic,
1269 2314 1305 2365 ut

116 2384 226 2463 rediit,
241 2384 268 2430 δ’*
281 2401 400 2472 praetor
415 2387 519 2451 factus
533 2402 595 2466 est,
618 2386 644 2425 ⁶⁵
659 2403 831 2474 postquam
847 2410 905 2450 rex
920 2387 1026 2450 fuerat
1039 2407 1124 2449 anno
1139 2384 1300 2464 secundo,

121 2471 335 2570 &vigesimo
381 2475 428 2537 Ut
448 2475 534 2536 enim
549 2475 660 2539 Romae
676 2473 838 2551 consules,
854 2474 900 2537 sic
916 2470 1114 2559 Carthagine
1127 2472 1304 2556 quotannis

66 2565 104 2621 23
117 2577 218 2619 annui
240 2555 308 2620 bini
330 2579 423 2640 reges
444 2561 646 2643 creabantur.
691 2561 726 2623 In
741 2582 780 2621 eo
797 2561 984 2643 magistratu
998 2557 1068 2649 pari
1080 2554 1165 2643 di'
1164 2554 1258 2621 antid
1272 2577 1306 2635 se

120 2642 284 2707 Hannibal
327 2644 443 2707 raban
480 2665 518 2706 ao
540 2644 647 2707 fuerat
668 2645 700 2707 in
722 2643 820 2707 bello.
867 2645 1017 2727 Namque
1038 2663 1060 2705 e
1084 2663 1104 2706 e
1124 2655 1152 2703 rt
1173 2662 1220 2704 ex
1245 2662 1304 2705 no-

88 2666 491 2813 'vffffic'tr'psdl'rffion
507 2728 614 2792 sohim
628 2741 663 2799 nt
674 2742 758 2792 esset
772 2729 922 2813 pecunia,
934 2750 1007 2814 qnae
1019 2640 1176 2791 Romfahis
1186 2747 1231 2790 ex
1243 2724 1305 2791 foa·

106 2812 198 2878 -dere
219 2813 430 2919 penderetur,
446 2812 504 2879 sed
523 2811 622 2877 etiam
636 2828 831 2899 superesset,
847 2834 918 2898 quae
934 2815 968 2877 in
983 2812 1097 2879 aerario
1112 2826 1303 2901 poneretur.

628 3054 761 3101 NOTAE.

150 3166 271 3231 59·Aprrd
282 3168 387 3230 zamri]
420 3170 508 3217 Urbem
520 3168 616 3225 Africa,
632 3169 697 3229 apud
723 3167 750 3214 al
776 3167 829 3215 arbe
846 3165 939 3225 conditi,
959 3167 987 3215 Ρ.
1000 3166 1093 3230 Sulpicio
1115 3165 1194 3225 aaut,
1211 3167 1242 3215 C.
1259 3167 1308 3216 Aa·

118 3236 326 3297 quamllannibal
344 3234 482 3295 ascipione
499 3235 535 3281 vio
593 3232 625 3280 lu'
682 3248 697 3281 o
719 3232 775 3281 aelio
796 3231 860 3281 coiit
882 3233 939 3280 Cora.
961 3232 1104 3280 hedriacum
1130 3247 1183 3294 rege
1202 3230 1265 3281 Plu·
1275 3242 1305 3295 pu

111 3300 368 3365 -qnsSiliusltalicus,
381 3300 451 3347 riba.
647 3325 651 3331 -
722 3297 801 3344 initum
819 3303 859 3353 ert,
875 3296 949 3359 paneis
970 3297 1075 3365 nantum
1090 3302 1143 3359 port
1158 3307 1238 3358 pacem
1295 3323 1307 3333 -

556 3415 563 3427 .
588 3360 601 3397 -'
722 3362 978 3423 thapnieasiburdntom.

150 3428 185 3479 Et
199 3430 277 3487 zama,
295 3432 320 3488 ὃς
338 3427 425 3476 uberior
441 3426 493 3485 In,
537 3426 697 3488 insanguine
755 3429 786 3473 63
817 3426 848 3473 Ur
871 3426 953 3473 obsides
981 3441 1053 3472 rorum
1084 3420 1189 3491 Megalia
1215 3423 1307 3483 erunt]

107 3568 110 3572 '
185 3494 287 3558 mm.
468 3496 513 3589 s
724 3556 747 3602 lit
763 3557 874 3603 -Formias
890 3557 944 3612 sita,
962 3570 1009 3603 nou
1026 3556 1141 3616 procula
1160 3554 1305 3611 tirtamus,

151 3624 183 3683 60
199 3624 340 3670 Adrumetum
358 3621 472 3684 permut]
510 3621 639 3669 Civitatem
657 3621 696 3668 Li·
722 3635 785 3667 nune
804 3620 876 3682 vrilgo
896 3618 964 3666 Pente
987 3618 1064 3679 Corvo,
1095 3620 1126 3666 de
1148 3618 1199 3683 quii
1223 3617 1310 3677 stitus„

117 3686 172 3751 hyat
181 3690 326 3735 maritlmam
338 3700 384 3734 no'n
397 3687 480 3748 procul
492 3702 507 3731 a
517 3687 669 3745 Carthagine.
722 3685 762 3732 lib.
769 3688 791 3733 8.

150 3757 179 3802 til
209 3751 295 3799 Bellum
315 3768 362 3798 cuin
386 3752 494 3800 Immanis
515 3750 699 3810 contristarunt}

104 3819 180 3866 “Vide
199 3816 286 3879 quibus
310 3816 483 3865 cotiditinuihns
506 3816 571 3875 apud
594 3816 694 3873 Eutrop.
753 3837 827 3852 --
851 3811 947 3860 Obsessa
956 3823 1029 3875 rumpo
1041 3810 1280 3875 spiauenreFregetta·

118 3886 158 3931 lib
170 3888 193 3930 3.
210 3886 302 3930 Prata
316 3896 384 3943 (pias,
400 3882 481 3943 plures
495 3880 556 3928 alias
572 3879 639 3926 addit
656 3879 695 3926 Li·

118 3962 169 3996 vas
182 3950 271 3996 titan.
754 3943 786 3988 64
814 3939 900 3988 Prietor
921 3942 997 3997 sortus
1020 3939 1072 3998 est]
1111 3940 1202 3989 lustin.
1224 3942 1243 3989 l.
1262 3943 1304 3993 51.

150 4014 188 4060 6‘3'
207 4013 279 4074 Usque
304 4011 335 4056 cul
358 4009 459 4057 Publium
481 4006 632 4070 Supinum}
667 4007 805 4063 inscribit
821 4021 877 4053 eum
895 4006 988 4052 fantum
1008 4020 1060 4051 esse
1081 4005 1217 4063 consulem,
1238 4006 1306 4067 quod

116 4086 161 4137 ott,
173 4078 204 4123 arl
215 4092 306 4123 annum
323 4076 386 4122 urhis
404 4076 508 4121 enurlitae
525 4076 580 4121 540.
598 4080 626 4117 ut
635 4073 694 4118 sori·
706 4112 709 4119 .
722 4070 786 4118 idem
798 4077 835 4118 est
845 4070 909 4131 apud
921 4069 1137 4129 Carthaginienses.
1288 4111 1293 4119 .

100 4143 151 4201 ¹hit
172 4138 261 4189 'livius
286 4144 325 4188 :31.
352 4141 438 4187 Araiai.
459 4143 487 4184 ut
510 4141 577 4197 patet
605 4153 634 4183 nx
658 4138 693 4185 his
754 4138 785 4184 65
813 4133 929 4197 Postquam
962 4149 1000 4179 rea·
1022 4133 1119 4194 fluerat]
1163 4134 1304 4197 Improprie

115 4206 208 4257 uirbis:
243 4205 310 4252 Auno
335 4204 505 4271 pegasium
529 4201 765 4264 quadragesimam
787 4199 882 4258 dicitur,
907 4199 1111 4261 quemadmodum
1135 4200 1158 4246 ds
1181 4204 1252 4259 reges
1274 4214 1303 4247 a·

1172 4260 1303 4327 Deinde

723 3491 837 3551 Fregellae
852 3491 935 3538 civitas
947 3490 1080 3540 clarissima
1093 3491 1156 3537 inter
1166 3489 1307 3537 Sinuessam
