2694 4620
180 264 233 344 sii
407 272 743 351 CORNELII
790 273 1091 358 ΝΕΡΟΤΙΒἡ

176 449 315 528 hatur
300 480 340 544 ts,
362 476 465 590 quem
484 452 588 531 modo
599 479 816 534 commemor
816 481 885 546 om
901 457 1149 551 Robortellem
1167 464 1203 540 si
1210 467 1293 570 quir

174 590 228 642 eos
256 560 386 642 attente
414 567 515 664 leget,
548 566 731 664 intelliget,
760 592 830 643 non
859 581 1050 658 auctam
1079 574 1140 662 Si,
1174 588 1215 651 ut
1242 576 1292 653 ito

173 674 292 751 dicam
296 674 610 773 parisientium·
634 675 844 774 signficari,
877 674 939 752 sed
959 680 1211 779 scriptoremt
1179 684 1290 762 libra·

173 787 285 875 rium,
306 783 346 859 id
356 798 415 873 est,
433 809 514 860 crem
534 785 598 885 qui
614 807 725 860 aaaron
744 782 972 886 descripserit.
1222 814 1228 823 ·

228 893 344 970 Unde
363 893 537 970 Andreas
561 890 737 970 Schottus
751 893 896 971 scribit:
928 896 1087 974 Librum
1100 897 1285 981 deviatae

170 1004 331 1080 moritus
342 1004 585 1080 excellentium
598 1000 749 1078 Graecia
759 1006 1083 1102 imperatorumue
1089 1008 1137 1085 T.
1150 1011 1283 1114 Pornp.

168 1116 348 1202 Atticum,
380 1112 546 1214 sequioris
564 1113 674 1187 atatis
701 1115 839 1190 aaran·
859 1115 1015 1192 AEmilio
1042 1117 1167 1194 Probo
1183 1124 1285 1199 attri-

168 1225 302 1300 buunt:
331 1220 355 1298 ei
388 1248 454 1324 quo
490 1223 613 1324 stqlus,
643 1219 786 1301 dicendi
814 1223 1009 1314 character,
1041 1228 1162 1304 Attici
1185 1245 1281 1322 atas,

166 1329 580 1437 meritaqucalajudicant.
1323 1354 1326 1359 ·

219 1443 303 1520 Hic
326 1468 410 1542 ergo
430 1440 539 1546 (cum
560 1444 747 1519 Savarone
766 1441 1048 1550 exclamemus)
1064 1463 1129 1522 suo
1145 1452 1285 1528 arestari

164 1550 346 1641 reddatur,
377 1576 481 1654 quem
508 1552 578 1626 sibi
597 1549 784 1629 Cantilius
809 1552 930 1653 Nepos
949 1555 1051 1648 justo
1083 1557 1186 1634 titulo
1204 1559 1280 1637 oin·

163 1661 260 1738 dicat
277 1686 447 1764 quemque
477 1684 588 1736 coaao
619 1679 681 1736 suo
721 1665 758 1738 il
782 1661 973 1755 familiari
983 1664 1135 1764 ''Ponrp
1155 1671 1280 1747 Attico

161 1770 259 1848 dedit
269 1799 284 1860 ,·
315 1774 417 1866 crq'us
442 1773 549 1872 etiam
567 1785 695 1869 rogatu
710 1770 821 1846 vitam
839 1771 902 1847 M.
925 1772 1070 1850 Catonis
1086 1781 1295 1874 separatim*

159 1884 310 1982 scripsit,
349 1884 385 1959 ll
410 1881 469 1956 illi
494 1896 674 1978 superstes,
705 1881 1006 1980 elegantissimam
1022 1881 1178 1978 eiusdem
1197 1893 1276 1964 uita

157 1989 443 2070 cmsuetudinem
471 1987 647 2088 eleguutid
666 1992 753 2089 pari
773 2004 975 2090 persecutus
991 2007 1052 2070 est.
1113 1997 1202 2072 Nec
1221 2011 1275 2075 est

156 2128 227 2180 cur
245 2100 346 2179 dicat
363 2096 498 2202 aliquis
529 2122 621 2173 cum
651 2097 824 2176 Barthio:
854 2100 995 2178 AEmil'
966 2103 1035 2178 laets
1064 2103 1274 2189 Probinou

72 2237 74 2247 ·
156 2238 227 2288 avo
259 2207 452 2288 Theodosii
485 2207 630 2287 Cornel‘
616 2233 648 2285 eo
678 2208 828 2309 Nepotis
857 2211 1041 2289 Libros
1025 2239 1064 2289 na
1074 2214 1271 2334 epitomen

154 2321 302 2421 redegit.
329 2312 533 2424 Namque
565 2314 668 2396 aliud
690 2315 849 2422 Nepos
839 2345 918 2427 ipse
945 2319 1206 2403 concinnitate
1223 2351 1270 2404 ac

152 2420 332 2509 brevitate
364 2430 429 2506 sua
446 2429 690 2516 demonstrat,
722 2424 840 2535 idque
859 2427 1030 2508 maxime
1058 2430 1117 2508 his
1135 2433 1270 2536 praefa-

151 2539 263 2618 tionis
280 2565 359 2616 suae
384 2536 523 2616 verbis:
553 2535 628 2616 Sed
638 2539 748 2639 plura
765 2542 938 2643 persequi
958 2556 1037 2616 tum
1052 2545 1267 2641 magnitudo

150 2651 340 2729 voluminis
342 2676 392 2750 pr
401 2649 527 2732 olibet
547 2661 630 2725 tum
644 2646 737 2744 fest'
704 2647 844 2759 terratia,
879 2664 919 2725 ut
936 2675 976 2727 ca
992 2653 1161 2753 eaplicem
1187 2681 1265 2759 qua

136 2786 286 2841 exorsus
301 2786 394 2838 sum.

203 2869 318 2947 Adde
333 2860 864 2975 &1sta,quaePelopidaevstae
878 2865 1048 2946 snst1os1c
1062 2868 1260 2975 leguntur:

147 2979 261 3075 Cujus
288 2978 332 3056 de
359 2978 545 3055 virtutibus
569 2975 702 3066 dubito,
735 2976 1036 3079 quemadmodum
1064 3004 1260 3081 caponum:

145 3088 382 3193 quidudum,
406 3089 439 3163 si
464 3113 519 3164 res
535 3087 709 3188 explicare
740 3087 923 3188 incipiam,
952 3114 1023 3165 raon
1051 3090 1162 3166 vitam
1185 3096 1261 3191 ejus

142 3224 320 3288 marcore,
334 3196 396 3274 sed
421 3197 606 3274 historiam
624 3193 746 3273 videar
760 3196 930 3274 seribere:
959 3201 994 3273 δι
1028 3221 1080 3274 ex
1100 3202 1259 3303 Epami.

142 3310 286 3400 ualidi,
318 3308 492 3385 Plurima
520 3305 663 3409 quidem
672 3305 835 3405 prep'erre
841 3330 1033 3407 possemus,
1050 3307 1112 3385 sed
1128 3313 1257 3393 modas

123 3419 204 3503 ‚adl
201 3417 360 3496 silendus
373 3431 442 3503 est,·
472 3418 640 3519 quoniam
652 3442 721 3493 uteo
738 3417 804 3494 leoc
818 3417 995 3495 uolumine
1007 3418 1118 3495 vitam
1143 3429 1255 3502 eccel-

139 3531 288 3608 lentinm
303 3520 462 3602 uirorum
475 3524 753 3626 complurimum
772 3526 979 3604 concludere
994 3531 1251 3611 constituimus.

138 3642 238 3724 Quae
256 3634 414 3740 quidem
445 3630 630 3725 indicant,
650 3633 781 3714 omnia
802 3637 1055 3743 complexum
1073 3637 1244 3719 fuisse
1205 3669 1251 3721 ea

134 3745 327 3835 brevitate,
339 3743 432 3823 utin
447 3747 620 3844 epitomen
637 3741 759 3850 redigi
778 3744 942 3826 minime
954 3773 1051 3851 opus
1067 3745 1211 3829 fuerit.

189 3862 250 3935 De
266 3852 417 3959 origine
436 3852 539 3943 vero,
554 3881 620 3931 seu
640 3854 807 3958 patria
774 3881 856 3960 equs
874 3855 1000 3962 ipsum
1021 3855 1114 3934 Padi
1132 3885 1248 3939 acco-

119 3968 208 4047 lam
237 3979 388 4044 testatur
412 3962 512 4040 Plin
531 3962 602 4043 l.'‘
579 3961 632 4040 ui.
653 3990 690 4041 c.
717 3973 776 4040 18.
800 3963 856 4047 his
886 3963 1026 4053 uerbis:
1057 3966 1248 4052 Contraria

129 4102 251 4154 rmum
281 4098 449 4174 percussu
504 4076 601 4151 mori
633 4075 813 4170 iritujecto
839 4075 1032 4155 dulcescent
1018 4091 1061 4168 te,
1083 4076 1246 4183 plerique

129 4176 250 4270 disere
279 4180 392 4281 satso,
415 4186 454 4265 di
470 4183 591 4286 Nepos
610 4181 795 4262 Cornelius
811 4183 921 4265 Padi
942 4189 1077 4266 -loocm
1125 4191 1243 4270 Unde

1071 4297 1244 4383 Catullus
