2828 4620
139 378 182 441 rt
477 386 727 439 connaurr
778 379 1008 450 ntrorrs,

131 511 191 575 sihi
205 511 294 593 loco,
306 512 451 577 contrio
478 513 706 597 portunissirno
718 509 878 592 hostibus,
891 511 973 577 oded
983 522 1122 600 angusto
1136 514 1218 581 mari
1233 530 1312 581 cotr-

130 596 228 677 flixit,
253 610 292 663 nt
314 596 385 684 ejus
399 532 574 661 multitudo
593 598 724 661 navium
745 596 905 683 explicari
920 620 984 663 non
1000 600 1153 684 potuerit
1192 601 1311 667 Victus

129 696 180 747 est
193 703 273 766 ergo
286 683 390 769 mgis
402 681 539 747 consilio
552 681 781 747 Themistoclis
792 683 891 768 quim
903 682 999 747 armis
1010 683 1159 751 Graeciae.

171 768 268 836 CAl’.
284 768 330 830 V.
361 767 428 831 Hic
442 766 595 831 barbarus
614 768 675 831 etsi
698 767 782 831 male
809 790 875 845 rem
899 781 1053 853 gesserat,
1079 784 1186 833 tamen
1207 783 1309 837 tantos

96 850 267 921 shabebat
281 851 434 936 reliquias
455 853 637 939 copiarum,
659 865 697 916 ut
720 855 815 917 etiarn
833 876 908 918 euru
934 851 984 917 his
998 876 1042 941 op
1069 856 1186 921 timere
1200 868 1309 943 posset

128 935 249 1001 hostes.
288 936 327 1021 (l)
344 938 476 1003 Interim
495 950 601 1001 tamen
627 937 667 1001 ab
692 936 806 1001 eodem
822 936 926 1025 gradu
949 876 1105 1024 depulius
1125 952 1185 1003 est.
1223 942 1308 1007 Natu

129 1016 367 1087 Themistocles
381 1044 506 1101 verens,
523 1045 565 1087 ne
576 1021 695 1086 bellare
751 1035 937 1102 rseveraret,
948 1025 1117 1089 certiorem
1128 1025 1305 1106 eumfecit,

128 1104 163 1169 id
178 1106 246 1192 agi,
261 1122 297 1172 nt
312 1130 407 1192 pons,
419 1130 516 1193 quem
531 1107 586 1172 illo
598 1108 630 1171 in
644 1108 706 1171 Hel
722 1122 856 1192 esponto
871 1106 1004 1188 feceni't,
1016 1107 1306 1193 dissolveretut,ac
1322 1183 1326 1192 ,

129 1192 235 1257 reditu
249 1194 281 1257 in
295 1194 405 1258 Asiam
419 1190 663 1257 excluderetur:
681 1192 780 1278 idque
794 1194 824 1255 ei
840 1195 1008 1280 persuasit.
1042 1194 1155 1279 Itaque
1169 1195 1239 1283 quh
1249 1218 1305 1263 sex

80 1289 119 1345 10
130 1278 292 1345 mensibus
302 1278 622 1357 iterfecerat,cadem
631 1277 1305 1364 minustliebustrigintainAsiamrerersus

128 1362 1302 1450 est:sequeaThemistoclenonsuperatum,sedconservatumjudicavit.

129 1447 183 1513 Sic
193 1450 289 1513 unius
299 1450 359 1513 riri
371 1447 545 1535 prudentii
556 1448 827 1515 Grmcialiberata
838 1463 899 1527 est,
916 1450 1121 1536 Europaeque
1131 1452 1304 1519 succubuit

127 1534 216 1598 Asia.
251 1535 333 1597 Haec
344 1534 444 1599 altera
454 1534 603 1613 victoria,
615 1556 688 1619 qun¹
697 1555 774 1599 cunr
787 1534 992 1599 Marathonio
1006 1536 1109 1621 possit
1121 1538 1302 1625 comparari

127 1633 263 1705 tropaeo.
304 1621 389 1682 Nam
416 1617 597 1705 parimodo
615 1618 702 1704 apud
722 1619 882 1683 Salamini
896 1640 996 1705 parvo
1016 1642 1151 1685 numero
1171 1624 1301 1687 navium
1360 1636 1363 1653 '

78 1716 117 1771 lu
128 1705 269 1769 maxima
283 1720 357 1789 post
368 1704 534 1769 hominum
545 1705 732 1768 memoriam
743 1702 851 1769 classis
862 1717 910 1769 est
918 1703 1057 1769 devicta.

172 1789 268 1853 CAP.
288 1791 344 1853 Vl.
386 1790 526 1875 Magnus
554 1788 616 1851 hoc
639 1788 725 1853 bello
747 1788 984 1853 Themistocles
1007 1790 1083 1869 fnit,
1112 1814 1221 1879 neque
1241 1793 1300 1859 mi-

128 1896 188 1937 nor
203 1876 235 1939 in
251 1895 342 1960 pace.
368 1875 477 1946 anrn
489 1876 577 1937 enim
588 1873 744 1939 Phalereo
757 1888 854 1961 portu
862 1896 968 1960 neque
979 1896 1110 1961 magno,
1121 1898 1231 1963 neque
1244 1880 1299 1943 ho·

128 1982 170 2023 no
185 1960 394 2023 Athenienses
409 1972 588 2037 uterentur,
610 1959 866 2045 hansconsilio,
887 1959 910 1998 ¹⁹
926 1959 1046 2046 triplex
1058 1960 1174 2025 Piraeei
1189 1977 1299 2049 portur

124 2045 318 2109 constitutus
331 2058 394 2109 est:
413 2046 504 2131 isque
516 2046 676 2109 moenibus
684 2044 893 2110 circundatus
905 2060 940 2109 nt
954 2047 1056 2131 ipsam
1069 2046 1184 2111 urbem
1193 2046 1298 2135 digni·

76 2141 189 2203 20tate
202 2131 430 2217 aequipararet,
445 2130 583 2193 utilitate
596 2144 774 2216 superaret.
805 2129 893 2195 Idem
920 2152 960 2193 ne
973 2152 1082 2195 muros
1092 2130 1297 2199 Atheniensi·

124 2236 181 2279 nm
208 2215 349 2280 restituit
367 2211 394 2251 ²⁰
407 2216 576 2313 praecipuo
597 2237 657 2278 suo
681 2214 840 2302 periculo.
887 2152 978 2284 llam,
995 2236 1036 2278 ue
1060 2216 1297 2289 lacedaemonii

124 2320 253 2365 cansam
272 2299 420 2365 idoneam
436 2315 535 2379 nacti,
553 2314 688 2386 propter
701 2301 909 2365 excursiones
923 2237 1144 2383 hadrarornm,
1159 2304 1229 2389 quh
1243 2324 1296 2367 ne·

124 2400 239 2471 garcnt
251 2400 403 2471 oportere
414 2400 507 2448 extra
521 2386 780 2471 Peloponnesum
796 2386 892 2451 ullam
908 2386 1020 2449 urbem
1035 2384 1161 2467 haberi,
1184 2411 1225 2453 ne
1248 2410 1297 2453 es-

124 2484 194 2534 sent
209 2470 280 2535 loca
294 2472 418 2535 munita
429 2493 501 2556 quae
518 2471 624 2534 hostes
637 2470 854 2556 possiderent;
876 2471 1088 2535 Athenienses
1101 2470 1296 2539 aedificant&

74 2572 115 2627 25
125 2556 381 2643 prohihercsnnt
396 2557 514 2620 conati.
554 2557 614 2638 (m)
629 2557 703 2619 Hoc
714 2555 813 2640 lonqe
823 2556 887 2619 alio
901 2556 1079 2641 spectabat,
1094 2571 1127 2621 at
1149 2580 1209 2625 ue.
1230 2556 1294 2625 ide·

124 2644 154 2707 ri
165 2642 326 2707 volebant.
363 2641 576 2706 Athenienses
598 2643 685 2705 enim
709 2626 834 2707 duahus
859 2642 1017 2720 victoriis,
1032 2578 1240 2719 Maraihpnilr'
1267 2644 1294 2709 A
1321 2640 1327 2653 ’

124 2726 311 2808 Salaminii,
334 2741 453 2793 tantam
476 2725 612 2813 gloriam
624 2725 713 2812 apud
737 2749 848 2791 omnes
871 2740 983 2811 gentes
1004 2744 1095 2791 erant
1114 2714 1292 2811 eonsticuti

123 2825 162 2876 nt
173 2812 391 2900 intelligerent
404 2811 641 2876 Lacedaemonii
652 2810 693 2874 de
702 2813 888 2898 principatu
903 2811 964 2875 sibi
978 2832 1053 2885 cunr
1069 2812 1118 2875 his
1132 2826 1292 2879 certamen

122 2896 208 2961 sore:
223 2921 321 2985 quare
329 2922 385 2963 eos
395 2898 494 2985 quim
503 2896 735 2962 infirmissimos
743 2918 813 2961 esse
825 2894 985 2961 volebant.
1002 2898 1177 2983 Postquam
1189 2914 1293 2977 entem

72 2980 295 3057 aoaudiernnt
314 3005 424 3047 muros
438 2984 565 3060 instrui,
588 2981 712 3067 legatos
734 2982 877 3045 Athenas
903 2982 1072 3061 miserunt,
1095 2982 1154 3069 qui
1176 2980 1210 3047 id
1224 2982 1291 3049 fieri

120 3081 275 3139 vetarent.
311 3068 335 3106 ⁹¹
350 3071 412 3132 His
428 3066 637 3153 praesentibus
650 3065 828 3146 desierunt,
843 3088 881 3129 ac
895 3088 929 3128 se
943 3064 984 3129 de
1007 3064 1046 3128 eh
1061 3087 1095 3129 rc
1116 3067 1241 3153 legatos
1253 3064 1292 3131 ud

119 3176 175 3217 cos
186 3154 337 3217 missuros
345 3153 508 3217 dixerunt.
538 3154 631 3215 Hanc
642 3152 836 3237 legationem
847 3152 990 3235 suscepit
1001 3150 1291 3234 Themistoclem&

119 3238 206 3303 solus
219 3239 327 3337 primd
341 3239 505 3324 profectus
518 3251 580 3301 est:
597 3237 715 3322 reliqui
729 3236 841 3324 legati,
852 3248 887 3300 nt
897 3249 966 3299 tum
979 3236 1121 3315 exirent,
1133 3258 1238 3325 quum
1246 3258 1291 3301 sa·

118 3326 162 3391 tis
178 3323 317 3391 altrtudo
330 3325 414 3387 muri
433 3335 584 3387 extructa
594 3321 758 3386 videretur
781 3323 952 3409 praecepit:
986 3336 1084 3408 atque
1098 3336 1136 3385 ut
1163 3324 1307 3413 interim*

483 3478 924 3529 INTERPRETATIO.

150 3577 230 3641 (nrt
248 3577 324 3627 eddam
342 3579 454 3629 nmatione
463 3579 496 3625 roi
508 3579 568 3627 bene
580 3578 689 3639 gereudae
700 3578 791 3638 affectus
802 3585 840 3627 est.
867 3578 917 3640 (ιιι)
928 3576 980 3627 tnta
997 3579 1058 3626 inre
1073 3577 1138 3642 longe*
1149 3578 1292 3632 olnam

115 3642 273 3706 &animuin
281 3642 487 3708 qrrorlorteratnhont.
1200 3686 1206 3699 f

628 3754 785 3803 NOTAE.

143 3856 175 3905 19
211 3854 298 3931 Tripter
324 3852 406 3903 Piraei
433 3855 527 3914 postris]
576 3852 689 3911 Piraeum,
752 3857 784 3899 90
800 3849 913 3913 Pmipuo
930 3866 970 3898 Μ
987 3849 1101 3919 mm]
1128 3852 1201 3903 Quod
1221 3810 1302 3919 a

107 3930 181 3983 qtrrm
200 3921 269 3969 horte
287 3923 385 3969 Portum
397 3921 607 3974 transmutant,
619 3918 691 3975 mileo
719 3918 859 3978 explicatur.
1202 3964 1208 3973 Ι
1247 3946 1294 3981 :tt

74 3982 78 3988 ’
107 3986 183 4047 Josto
201 3984 284 4043 tione,
302 3986 354 4033 XL.
366 3984 449 4030 stodiis
460 3984 560 4030 Athenis
571 3989 689 4031 remotum
751 3987 779 4029 t‘t
807 3980 851 4028 llis
864 3979 1005 4042 presentibus
1021 3978 1150 4041 nem]
1190 3982 1300 4043 Moni-

106 4055 275 4111 coeponius
287 4050 383 4098 laertio
393 4049 420 4093 ln
430 4048 591 4104 Antisthenes.
603 4047 690 4109 hicque
718 4046 785 4102 licet,
798 4045 814 4091 t
825 4043 1020 4112 Lacedaemoniis,
1040 4044 1064 4092 dt
1074 4046 1136 4109 reliq

88 4113 294 4235 Jhdcririinilhocw
304 4113 433 4172 fortissime
444 4127 511 4161 mum
528 4111 619 4158 civitati
631 4127 689 4159 con-
716 4111 830 4223 32¹2ququ
840 4125 912 4222 qqcro
922 4111 1018 4170 incepto
1036 4110 1234 4203 impedirent&

1192 4286 1301 4341 (ΜΒ
