2694 4620
34 366 36 372 .
139 293 207 376 viii
337 294 715 374 CORNELII.
762 278 1067 369 NEPOTIS

148 469 237 552 libri
261 469 379 551 dictio
409 472 691 554 evidentissimi
721 474 856 580 arguit.
895 466 1120 552 Accedit&
1147 463 1263 544 altera

44 652 50 675 ,
146 582 295 687 duplex
319 581 424 674 ratio,
452 582 762 688 quodnimirum
789 583 911 690 (utin
937 581 1018 687 ejus
1042 575 1117 675 riti
1138 571 1263 681 iuquit

147 689 319 796 Vossius)
357 695 524 772 Tulliani
558 721 626 773 erse
652 696 717 771 avi
746 699 965 796 scriptorem,
1003 713 1112 792 neque
1146 687 1263 762 alium

148 798 261 906 qudm
288 802 476 904 Nepotem,
507 821 585 881 tam
613 820 769 882 veterum
787 807 921 906 aliquot
940 802 1113 878 librorum
1130 793 1263 872 indicio
1312 896 1316 906 Ι

147 913 382 1013 cognoscitur,
402 928 480 989 tum
499 916 605 992 etiam
624 908 720 1016 quid
736 913 785 992 ad
802 915 935 1014 Pomp.
951 912 1119 990 Atticum
1138 904 1265 1007 (cnjus

148 1019 245 1098 idem
274 1037 404 1121 rogatu
431 1020 474 1098 de
500 1022 575 1099 uitri
603 1023 748 1101 Catonis
781 1025 912 1102 tibrum
930 1020 1049 1121 feeit)
1079 1018 1158 1092 nita
1190 1016 1264 1090 istc

56 1181 57 1184 =
146 1131 359 1209 scribantur.
399 1130 583 1210 Praeterei
595 1159 642 1210 eo
654 1131 693 1209 in
707 1161 822 1239 opere
838 1133 958 1211 multa
968 1131 1161 1233 leguntur,
1174 1123 1265 1203 {ina

149 1231 212 1344 (ut
229 1237 335 1317 idem
357 1240 508 1324 Vossius
539 1239 685 1320 ibidem
712 1243 780 1348 ait)
807 1269 891 1342 opus
916 1242 982 1317 lrac
1004 1240 1178 1347 scriptum
1196 1259 1264 1313 esre

147 1351 317 1438 cuntant,
337 1377 404 1453 qtto
423 1367 576 1452 tempore
594 1354 789 1452 Pompeius
810 1355 846 1430 u*
864 1352 985 1429 Cesar
992 1351 1076 1448 pius
1086 1357 1261 1445 poterant,
1309 1408 1317 1427 .

148 1455 261 1562 qudm
280 1458 392 1536 tttert
417 1461 455 1538 in
472 1461 653 1561 republicd
672 1461 861 1562 expediret.
902 1465 999 1535 Haec
1023 1470 1151 1534 autem
1180 1479 1263 1532 om-

147 1566 212 1646 nia
223 1567 384 1677 Dionys.
395 1568 828 1676 Lambinuscongessit:
844 1595 1010 1677 quorum
1025 1581 1154 1642 tamen
1168 1588 1263 1667 prae·

148 1676 276 1781 cipua,
290 1681 326 1754 &
339 1706 427 1784 quae
439 1679 484 1777 ad
501 1678 692 1759 intentum
709 1697 879 1758 nostrum
894 1676 1016 1782 magis
1028 1675 1261 1763 conducent,

136 1787 292 1866 'caeteris
307 1786 493 1895 brevitatis
515 1793 640 1878 causi,
667 1789 757 1894 quia
777 1790 886 1895 phua
905 1804 1003 1871 sunt,
1024 1781 1189 1876 semotis,
1208 1809 1262 1860 se·

133 1894 267 2001 'ligere
283 1895 408 1983 liceat.
467 1896 641 1977 Primum
662 1916 794 1978 autem
812 1920 860 1978 ex
878 1893 1127 1997 Miltiadevsic
1147 1891 1264 1971 babe-

134 2018 235 2084 tur:
269 2006 383 2103 Cujus
414 2011 567 2086 uictoria
593 2011 663 2086 non
687 2013 842 2087 aiicnrun
869 2008 1019 2095 videtur,
1050 2006 1153 2108 quale
1169 2028 1263 2104 pra·

103 2145 105 2149 ⁴
146 2118 265 2193 mium
284 2117 456 2196 Miltiadi
479 2119 525 2194 sit
551 2122 737 2210 tributum,
758 2114 911 2206 docere,
943 2141 1010 2220 qao
1025 2110 1181 2210 jacitiits
1207 2112 1263 2191 in·

146 2227 263 2327 attigi
280 2229 402 2326 possit,
429 2225 575 2303 eandem
600 2230 762 2305 oninium
781 2230 968 2304 civitatum
994 2251 1062 2303 esse
1078 2237 1260 2301 naturam.

150 2334 205 2413 Ut
234 2339 362 2437 papuli
390 2339 504 2418 nostri
533 2336 678 2414 iratiores
714 2337 893 2440 qnondam
911 2336 1068 2432 ,fuerunt
1094 2335 1183 2421 rari,
1223 2335 1260 2412 di

57 2492 60 2497 ν
146 2449 276 2534 tenues,
302 2446 343 2522 ob
359 2468 665 2550 eamquccausam
686 2449 863 2546 gloriasi;
897 2473 993 2526 nunc
1010 2459 1129 2521 autem
1147 2441 1260 2542 efferi,

135 2567 251 2656 atque
273 2556 412 2631 obsoleti
419 2584 432 2643 ,·
467 2558 519 2633 sic
546 2559 633 2632 olim
660 2556 759 2655 apud
785 2558 1016 2634 Athenienses
1027 2553 1145 2650 sitisse
1169 2577 1264 2653 repe-

135 2665 274 2741 rimur.
334 2668 432 2741 Haec
464 2680 594 2743 autem
628 2667 751 2754 verba,
772 2664 915 2771 ,inquit
936 2661 1172 2753 Lambinus,
1206 2686 1262 2740 ar·

130 2777 271 2877 'guunt
304 2773 412 2851 luurc
448 2773 592 2852 librum
630 2768 813 2877 scriptum
846 2801 936 2868 esse,
974 2801 1052 2880 quo
1086 2787 1285 2875 tempore.

132 2887 264 2985 ¹penes
296 2885 489 2989 populum
520 2882 647 2991 aliqua
681 2883 809 2962 adhuc
846 2898 1004 2988 potestas
1037 2897 1142 2971 erat3
1181 2907 1260 2957 non
1307 2976 1310 2985 Ι

132 2986 320 3096 ⁴tempore
332 2987 372 3068 T
374 2992 559 3094 heodosii,
587 3020 664 3097 quo
690 2992 787 3077 nihil
817 2995 982 3099 populus
1004 3006 1162 3097 poterat.
1212 2994 1258 3067 In

143 3100 416 3203 Epaminoudi
445 3100 534 3180 verri
561 3101 615 3180 sic
652 3101 817 3208 iegitur;
857 3103 937 3182 tino
974 3097 1262 3202 tempore,'ducc

144 3209 337 3313 Pelopidd,
354 3215 470 3289 emta
490 3213 629 3290 Thebas
648 3210 876 3312 accupdrant,
902 3217 938 3291 ii
952 3212 1163 3313 presidium
1181 3210 1260 3289 La·

144 3318 443 3425 cedamaniorum
481 3349 524 3400 ea
570 3336 653 3428 arce
695 3326 936 3427 eapttlerunt,·
974 3319 1261 3421 Epaminondas,

110 3497 113 3505 .
132 3428 433 3533 pnamtliajircio
452 3447 498 3506 est
513 3429 621 3509 cades
638 3433 783 3523 civium,
804 3431 905 3510 danti
919 3458 955 3509 se
972 3434 1147 3518 retinuit,·
1167 3430 1263 3532 quod

129 3549 253 3644 'neque
285 3544 396 3617 acatos
428 3538 614 3637 dejitrdere
644 3542 799 3650 volebat,
821 3567 931 3646 neque
966 3544 1189 3641 impugnem,
1218 3564 1264 3620 ne

144 3672 278 3726 monm-
299 3676 444 3728 suorum
465 3650 638 3749 sartgrtinc
666 3666 875 3730 cruentaret.
928 3651 1100 3753 Namque
1120 3650 1262 3732 civilem

94 3807 98 3817 ·
128 3761 329 3834 'victoriam
361 3760 549 3853 ,fitrrcstam
593 3761 757 3863 putabat.
825 3758 991 3838 Videtur
1029 3758 1087 3837 his
1123 3756 1259 3850 verbis,
1313 3749 1317 3759 ’

56 3946 58 3951 ,
143 3865 270 3972 inquit
289 3886 414 3946 noster
431 3868 600 3971 scriptor,
631 3868 779 3946 &belli
799 3867 919 3947 civilis
937 3883 1119 3960 auctores
1146 3873 1262 3960 Pom=

128 3977 278 4083 ‘poium
301 3980 337 4059 &
361 3981 563 4067 Caesarem,
595 3976 632 4054 iu
659 4004 738 4080 quo
757 3994 906 4058 tantum
925 3977 1119 4088 sairguinis
1137 3975 1260 4061 civilis

31 4153 33 4157 .
66 4078 84 4095 ⁵
125 4085 345 4197 'profusum
384 4087 457 4176 sit-,⁶
479 4102 623 4175 notare,
662 4091 699 4161 δι
735 4086 847 4193 taciti
896 4087 1102 4191 Pomponii
1139 4085 1262 4164 Attici

145 4193 365 4305 currulium*
386 4199 612 4309 approbare,
645 4192 715 4309 qui
744 4195 853 4280 bellis
883 4195 1072 4296 civilibus,
1101 4222 1190 4304 quae
1221 4197 1261 4272 in
1298 4230 1301 4235 ·

1181 4332 1265 4413 eius
1278 4381 1280 4384 ,
