2694 4620
367 326 384 371 .·
455 320 799 385 acclamare.
960 358 963 365 ,
1188 313 1237 382 9⁸

51 496 120 565 cet,
135 484 329 565 laboriosus,
350 487 490 569 patiens,
515 486 672 566 liberalis,
694 484 888 573 splendidus
905 506 970 549 non
992 484 1099 563 miph's
1117 479 1244 545 inviti·

52 573 157 671 quhm
178 574 291 637 victu:
313 572 465 649 affabilis,
489 572 638 653 blandus,
655 572 883 659 ⁵temporibus
900 568 1108 635 callidissime
1132 570 1235 631 inser-

47 678 152 721 viens.
199 658 247 739 (a)
272 656 373 735 ldern,
388 656 533 721 simulac
547 678 581 721 se
595 660 772 738 remiserat,
790 680 850 722 nec
865 656 1113 729 causasnbcrat,
1130 672 1231 738 quare

55 743 157 807 ahimi
169 740 313 808 lahorem
338 743 517 828 praeferret,
540 744 739 823 luxuriosus,
763 743 948 821 dissolutus,
964 738 1169 817 libidinosus,
1183 738 1246 813 in·]

49 842 241 913 temperans
259 827 507 913 reperiebatur:
531 842 568 893 ut
586 850 697 893 omnes
721 826 932 905 admirentur,
955 826 988 890 in
1015 846 1081 888 uno
1104 822 1234 887 homine
1269 843 1286 896 5

57 924 178 977 tantam
193 932 320 977 morum
332 912 640 995 dissimilitudinem,
651 927 781 1000 tamque
795 913 954 977 diversam
969 924 1126 974 naturam.

100 998 198 1069 cAP.
214 998 255 1061 ll.
300 995 492 1061 ⁶Educatus
514 1014 564 1062 est
583 1000 617 1063 in
638 1000 736 1063 domo
756 998 903 1076 Periclis,
924 996 1123 1083 ''privignus
1146 993 1235 1057 erritn

57 1080 130 1169 ejus
142 1082 244 1147 fuisse
256 1080 391 1159 dicitur,
412 1081 585 1149 ⁸eruditus
595 1108 615 1148 a
629 1085 770 1150 Socrate.
807 1084 959 1150 Socerum
974 1082 1088 1145 habuit
1103 1080 1234 1164 Hippo-

55 1169 183 1247 nicum,
198 1169 343 1231 omnium
364 1168 488 1232 Graecae
510 1167 631 1256 linguae
647 1169 835 1257 eloquentia
852 1169 1067 1243 ditissimum3
1092 1165 1142 1248 (bi
1160 1176 1195 1226 ut
1207 1163 1245 1226 si·

54 1253 129 1338 ipse
141 1252 267 1339 tingere
277 1252 386 1332 vellet,
398 1274 505 1339 neque
517 1253 613 1340 plura
622 1255 708 1319 bona
722 1255 895 1330 reminisci,
908 1273 1016 1337 neque
1029 1250 1150 1336 majora
1159 1270 1235 1336 pos·
1251 1268 1291 1323 10

54 1350 106 1403 set
118 1340 289 1424 consequi,
305 1335 405 1424 quim
419 1339 472 1403 vel
486 1338 616 1411 fortuna
629 1340 682 1404 vel
694 1354 808 1407 natura
820 1340 986 1427 tribuerat.
1009 1339 1147 1401 lncuute
1157 1334 1248 1397 ado·v
1271 1399 1274 1405 ,

52 1420 229 1503 lescentih,
243 1439 367 1487 amatus
384 1436 434 1487 est
449 1445 469 1487 a
482 1424 604 1504 multis,
622 1447 712 1490 more
727 1426 930 1502 Graecorum,
945 1426 979 1488 in
994 1424 1040 1486 eis
1055 1444 1074 1484 a
1090 1422 1234 1498 Socrate,
1307 1485 1311 1495 ,

54 1506 127 1572 ⁹de
141 1530 208 1594 quo
222 1509 417 1573 mentionem
430 1510 510 1573 facit
524 1510 617 1573 Plato
633 1510 657 1547 ¹⁰
670 1513 704 1575 in
719 1510 912 1599 Symposio:
936 1528 1075 1593 namque
1090 1528 1164 1569 curn
1185 1507 1236 1568 in-

54 1592 156 1657 duxit
162 1608 466 1659 commemorantem
474 1616 509 1658 se
520 1594 726 1680 pernoctasse
737 1618 813 1661 oum
824 1596 1082 1677 Socrate,neque
1092 1591 1185 1656 aliter
1195 1589 1235 1653 ab

56 1702 99 1742 eo
110 1681 301 1757 surrexisse,
312 1702 348 1743 ac
364 1678 450 1744 filius
465 1694 629 1767 aparente
646 1681 804 1761 debuerit.
849 1683 1060 1765 Posteaquam
1075 1679 1292 1750 robustior15

54 1777 108 1828 est
129 1764 249 1843 factus,
265 1786 329 1828 non
343 1765 451 1828 minhs
467 1766 587 1829 multos
609 1768 739 1846 amavit,
763 1770 795 1833 in
810 1788 947 1852 quorum
961 1785 1081 1841 amore,
1096 1760 1183 1848 quod
1198 1761 1236 1824 li·

54 1851 163 1912 citum
178 1864 239 1928 est,
251 1849 362 1913 odiosa
373 1849 474 1913 multa
484 1849 623 1915 delicate
631 1851 811 1938 jocoseque
820 1854 919 1929 fecit3
934 1872 1006 1936 quae
1023 1871 1086 1911 non
1100 1847 1238 1911 referre-

55 1957 150 2012 mus,
164 1935 224 1999 nisi
244 1934 365 2021 majora
378 1936 567 2021 potioraque
580 1936 781 2001 haberemus.

101 2020 201 2083 CAP.
225 2020 281 2083 111.
327 2018 349 2054 ¹¹
366 2019 458 2084 Bello
483 2020 772 2107 Peloponnesiaco,
796 2020 891 2105 hujus
911 2019 1047 2085 consilio
1071 2032 1168 2103 atque
1181 2036 1248 2095 au„

54 2106 191 2170 toritate
205 2104 417 2173 Athenienses
430 2105 551 2169 bellum
567 2109 776 2193 Syracusanis
792 2108 999 2171 indixerunt:
1024 2103 1063 2167 ad
1078 2104 1164 2190 quod
1182 2126 1238 2189 ge*
1253 2120 1294 2183 20

54 2188 199 2255 rendum
213 2191 284 2275 ipse
297 2189 365 2253 dux
387 2189 532 2255 delectus
554 2207 613 2255 cst.
658 2194 735 2257 Duo
758 2206 913 2279 practerea
927 2189 1062 2275 collegae
1083 2190 1163 2267 dati,
1180 2189 1240 2251 Ni-

55 2274 131 2339 cias·
141 2276 173 2339 δι
183 2274 372 2339 Lamachus.
396 2275 433 2341 Id
447 2278 549 2361 quuin
558 2292 780 2364 appararetur,
800 2282 986 2364 priusquam
999 2245 1109 2339 classis
1121 2276 1240 2355 exiret,

56 2358 184 2425 assidit
211 2372 251 2427 ut
278 2359 348 2424 raith
376 2374 472 2425 nocte
504 2360 528 2399 ¹²
552 2383 664 2427 omnes
690 2365 833 2442 Hermae,
861 2364 919 2447 qui
952 2364 985 2424 in
1008 2360 1132 2448 oppido
1154 2373 1245 2423 erant

42 2442 213 2526 Athenis,
234 2444 465 2533 dejicerentur,
488 2460 607 2535 praeter
620 2468 733 2529 unum,
759 2450 817 2535 qui
830 2463 904 2512 ante
920 2448 1054 2538 januam
1068 2444 1245 2511 Andocidis

395 2706 397 2710 -
460 2672 830 2723 INTERPRETATIO.

237 2782 278 2845 (ι)
292 2782 339 2833 Ubi
347 2782 383 2833 illa
392 2784 487 2834 aramum
496 2784 640 2833 nleeaoerat.
673 2784 714 2850 (b)
733 2783 764 2833 Ut
774 2787 795 2834 si
803 2785 1076 2849 doeexmgitareetperee.

592 2999 722 3078 Nora}

10 3086 14 3142 i
102 3098 267 3164 armam
285 3099 419 3150 tuaene
437 3101 573 3163 anem]
615 3102 648 3149 n.
673 3101 897 3165 paternensem
919 3104 944 3152 a
965 3116 1063 3153 uxorem
1083 3110 1167 3167 poen
1182 3103 1251 3154 aare

10 3146 21 3234 l,
75 3163 578 3219 lmchametaominonabstmilemmissa
589 3166 647 3218 scri-
675 3167 785 3215 Pericles.
819 3168 941 3216 Plutarch.
955 3168 980 3216 in
991 3171 1092 3218 Pericle.

17 3244 28 3256 ⁴·
76 3226 266 3289 thlutarchus,
281 3232 431 3292 qoem-ineo
445 3233 565 3289 vincebat,
583 3231 648 3297 quod
707 3230 845 3279 8Ernditus
858 3232 989 3293 asserere]
1021 3234 1251 3295 Philosophodthe·

10 3256 28 3358 ,l
70 3292 221 3343 utimum
237 3296 311 3344 colori
323 3296 426 3345 candido
439 3298 649 3347 sesimularenon
675 3296 758 3357 nicusi,
773 3299 814 3361 qui
830 3297 947 3358 Apollinis
965 3300 1071 3347 Oraculo
1087 3299 1197 3348 omnium
1211 3310 1251 3347 sa·

10 3351 31 3428 ἢ
83 3362 157 3417 paea
675 3360 837 3423 pientissimus
847 3370 885 3411 est
896 3361 1025 3422 judicahrs.

10 3422 35 3479 ,ἢ
108 3420 249 3471 GEdaouiua
266 3430 300 3472 ee
319 3424 344 3473 ia
368 3424 429 3473 &nto
455 3422 565 3485 Peridia]
595 3424 649 3473 Viri
708 3424 776 3474 9120
799 3440 841 3489 quo
873 3429 999 3475 mentionem
1009 3426 1069 3485 sctit
1086 3424 1173 3486 Prata]
1214 3429 1253 3477 na

10 3502 29 3553 μ
84 3483 302 3537 mammam
317 3490 454 3547 clarissimi,
470 3490 649 3551 plurimamque
676 3502 758 3539 amora
779 3492 819 3539 ilio
842 3492 896 3552 lege
917 3488 1102 3553 Aristophanem
1121 3492 1146 3540 ia
1169 3492 1251 3543 Nebu·

87 3552 214 3610 Moriiate
221 3552 344 3614 pollentis,
360 3553 421 3602 adeo
434 3560 467 3601 ut
475 3570 519 3616 per
530 3555 562 3601 40
572 3556 650 3603 ann'ou
677 3556 713 3603 lia.

88 3625 147 3677 rerup
159 3618 334 3677 gubenrarerit.
368 3619 430 3666 Vide
441 3620 568 3667 Plutarch.
711 3621 741 3668 10
757 3616 787 3667 Ia
803 3618 935 3682 Symposio]
980 3620 1006 3668 ld
1029 3626 1073 3680 eat,
1088 3620 1111 3668 in
1130 3620 1189 3669 lihro
1211 3621 1253 3687 qui

43 3678 48 3685 ’
112 3676 259 3743 iPrioignas'
294 3684 351 3730 enim
383 3688 429 3743 que
453 3683 525 3741 suinae
550 3682 651 3744 elicitae]
671 3683 985 3746 inscribitursympoeium,
998 3700 1040 3733 scu
1050 3684 1191 3735 concivium.

90 3737 151 3793 lituo
164 3748 248 3794 sororis
264 3745 349 3806 fllium,
367 3747 462 3797 Diodor.
481 3748 575 3806 Suidaa,
595 3750 651 3797 Aul.
713 3754 742 3797 ii
757 3747 819 3797 Bello
837 3746 1037 3811 Peloponnesium]
1070 3752 1109 3799 De
1123 3766 1173 3814 quo
1187 3752 1254 3799 Thu·

21 3818 24 3823 '
91 3804 174 3867 edim,
189 3810 231 3859 lih.
250 3812 290 3860 25.
315 3826 337 3861 c.
362 3814 400 3860 la.
422 3812 497 3861 fuisse
524 3820 649 3861 assemnt:
679 3812 784 3874 cydidea.

91 3870 223 3927 Mhmeu
231 3876 652 3938 iacileconciliaripotestmmra·
714 3880 744 3925 l‘i
762 3875 841 3923 Omnes
860 3876 970 3938 Herma]
1010 3878 1038 3929 ld
1064 3884 1110 3935 est,
1138 3878 1255 3927 Mercurii

94 3935 164 3987 'rili
178 3940 282 4000 Peiclca
299 3941 352 3989 nou’
368 3940 508 4000 Alcibiadis,
525 3948 552 3989 at
568 3944 653 3992 saltem
680 3946 768 3989 statue
784 3941 886 4002 lapidea
897 3942 1031 4003 quadratae,
1045 3946 1067 3992 ic
1079 3944 1111 3992 acl
1126 3944 1183 3992 cubi
1194 3945 1257 4005 flgu·

14 4008 18 4016 '
92 4000 155 4051 wit
173 4001 225 4065 eja·
242 4004 343 4055 vitricus
361 4005 504 4069 fultaquia
524 4005 654 4067 Hipponici
680 4020 734 4053 ram
752 4008 916 4064 eonionnatae,
933 4002 1046 4057 nimirum
1067 4010 1118 4057 sina
1136 4010 1255 4065 trionibus,

28 4064 31 4071 '
92 4054 244 4139 Qunam
253 4070 407 4131 umnam
417 4076 489 4117 vocat
500 4071 655 4128 Plutarchus,
682 4071 706 4117 ἀ
725 4085 828 4132 quorum
840 4072 925 4182 capita
942 4076 1031 4121 mutari
1050 4080 1168 4134 poterant,
1188 4072 1258 4127 ¹unda

78 4124 213 4214 tAlcibiade·
222 4148 322 4185 uxoren
333 4136 431 4195 habuit5
447 4132 657 4199 hujtumhllip·
701 4135 812 4263 ‘acerbati
828 4139 936 4187 attam
958 4136 999 4203 lib,
1024 4141 1045 4192 1.
1063 4133 1162 4197 Herm,
1181 4139 1262 4203 induit

79 4214 104 4237 :T
1185 4216 1276 4285 Ἃαὰχὶ
