2694 4620
107 301 216 395 ι118
455 308 720 365 CORNELI!
759 292 1010 361 'erroris

141 457 235 551 andri
256 458 383 543 Magni,
399 459 456 542 qni
481 474 554 542 post
572 461 697 523 obitum
719 458 789 545 ejus
809 459 946 546 imperia
969 468 1138 545 ceperunt.
1175 452 1203 495 ⁹⁵
1216 456 1257 521 In
1272 454 1318 521 his

142 546 338 626 Antigonus,
354 540 379 579 ²⁶
395 543 532 632 &hujus
542 545 628 609 filius
641 546 824 627 Demetrius
837 568 845 608 :
869 542 895 582 Ἠ
907 542 1137 631 Lysimachus,
1143 540 1317 627 Seleucus,

141 625 345 692 Ptolemaeus.
376 630 424 693 Ex
437 630 485 693 his
495 631 691 717 Antigonus,
705 652 805 717 quum
820 630 973 694 adversus
985 627 1158 693 Seleucum
1170 622 1317 714 Lysima-

141 711 306 809 chumque
318 712 499 792 dimicaret,
510 716 544 778 in
557 715 670 803 praelio
684 717 812 778 occisus
825 730 883 779 est.
911 712 937 751 ²⁸
952 716 1026 778 Pari
1039 712 1106 778 leto
1120 712 1260 778 affectus
1272 724 1317 779 est·

93 808 128 862 ·5
142 796 353 884 Lysimachus
367 823 386 862 a
399 800 546 864 Seleuco.
591 803 675 864 Nam
696 801 850 865 societate
863 798 1032 877 dissoluti,
1048 798 1173 863 bellum
1187 799 1274 861 inter
1286 818 1316 860 se

139 897 319 968 gesserunt.
354 884 398 947 At
409 886 606 965 Demetrius,
621 906 724 970 quum
738 884 837 953 filiam
850 908 941 949 suam
956 884 1093 947 Seleuco
1107 884 1142 946 in
1153 884 1316 947 matrimo-

139 971 229 1031 nium
246 969 397 1048 dedisset,
408 993 513 1057 neque
525 993 564 1033 eo
578 972 680 1056 magis
690 968 755 1035 fida
766 971 848 1034 inter
859 992 914 1034 eos
929 970 1070 1032 amicitia
1078 962 1212 1036 manere
1223 980 1315 1052 potn-

139 1053 229 1133 isset,
249 1057 297 1136 (c)
314 1052 339 1092 ²⁹
353 1069 466 1205 captus
478 1055 579 1133 bello,
590 1059 622 1120 in
633 1053 781 1119 custodiit
795 1076 886 1119 socer
897 1055 1023 1141 generi,
1035 1051 1062 1089 ³⁰
1076 1053 1178 1138 periit
1191 1052 1312 1116 morbo.

140 1138 259 1222 Neque
275 1141 320 1204 ita
333 1162 387 1203 mu
403 1142 436 1203 td
472 1156 520 1204 ost
535 1142 689 1205 Seleucus
702 1136 727 1176 ³¹
743 1139 947 1207 aPtolemaeo
962 1140 1111 1203 Ceramia
1125 1134 1205 1202 dolo
1220 1138 1313 1201 inter-

88 1238 129 1291 10
141 1221 244 1320 lectus
253 1238 316 1288 est:
333 1247 430 1312 quem
440 1163 519 1290 illea
529 1224 1207 1312 patreexpulsumAlexandrii,alienarum
1218 1243 1314 1307 opum

140 1306 353 1394 mdrgentem,
370 1327 548 1395 receperat.
586 1313 660 1396 lpse
674 1324 782 1375 autem
797 1310 1005 1388 Ptolemaeus,
1022 1330 1124 1395 quum
1139 1308 1235 1371 vivus
1250 1305 1313 1370 filio

139 1414 276 1475 regnum
292 1394 487 1475 tradidisset,
510 1394 535 1433 ³²
552 1396 591 1458 ab
612 1395 670 1460 illo
692 1395 807 1460 eodem
829 1394 898 1460 vitai
921 1394 1067 1482 privatus
1088 1386 1220 1456 diciturss
1266 1391 1312 1454 Ile

139 1479 259 1563 quibus
273 1481 425 1566 quoniam
440 1482 514 1544 satis
528 1481 650 1545 dictum
665 1493 829 1566 putamus,
848 1502 914 1544 non
929 1478 1174 1557 incommodum
1188 1473 1311 1539 videtur

99 1642 105 1651 Ι
139 1584 203 1628 non
216 1566 381 1650 praeterire
397 1566 616 1631 Hamilcarem
632 1568 661 1631 δι
678 1564 892 1630 Hannibalem
907 1590 917 1643 3
932 1587 1014 1651 quos
1030 1565 1061 1629 δι
1074 1563 1176 1627 animi
1190 1559 1313 1646 magui·

87 1662 125 1717 15
139 1647 263 1730 tudine,
280 1651 310 1715 δι
325 1649 502 1717 ealliditate
516 1653 674 1719 omnesin
689 1650 803 1715 Africa
818 1663 909 1715 natos
924 1642 1111 1737 praestitisse
1126 1658 1263 1712 constat.
1285 1722 1289 1729 Ι

522 1894 923 1943 INTERPRETATIO.

322 2009 360 2071 (c)
381 2008 410 2055 In
423 2007 499 2068 generi
514 2005 610 2064 uinculis,
621 2007 699 2070 prelio
715 2006 782 2054 uirtus
796 2019 855 2054 socer
870 2003 942 2053 inorbo
957 2004 1065 2053 extinctus
1078 2009 1119 2068 ert.

640 2236 800 2284 NoTAE.

98 2368 103 2383 ¹
134 2365 235 2414 ducibus
245 2365 283 2413 hic
302 2364 414 2425 loquitur,
426 2362 467 2422 qui
480 2377 508 2409 eo
522 2365 617 2408 mortuo
627 2354 709 2407 omnes
737 2366 775 2407 est
785 2360 949 2421 Lysimachus,
959 2355 1072 2406 nimirum
1082 2334 1145 2405 anno
1159 2330 1303 2423 lssabdler.

133 2429 179 2478 eibi
196 2431 333 2478 diademata
347 2429 517 2488 imposuerunt,
528 2435 557 2472 ut
567 2426 613 2472 fert
623 2431 708 2473 auctor
737 2425 842 2473 interitu.

134 2495 248 2542 Machala
587 2516 591 2521 ·
771 2492 802 2537 99
827 2489 908 2553 Captus
921 2486 995 2546 lello]
1021 2485 1143 2534 Nimirum
1162 2486 1188 2533 ia
1205 2480 1305 2535 ldunnt

167 2562 199 2608 25
227 2559 257 2607 In
278 2559 311 2604 hir
329 2555 475 2618 Antigonus]
507 2556 569 2604 Asiae
590 2556 613 2601 &
634 2554 708 2615 Syrire
738 2549 1304 2610 aaiirbemeazam,utmltrust1>unrcnn,
1344 2556 1346 2569 '

125 2629 240 2685 satrapes
255 2624 355 2685 primus,
368 2621 410 2684 qni
425 2618 523 2668 tandem
538 2635 554 2665 a
570 2620 669 2667 Seleuco
685 2620 708 2665 δι
740 2619 764 2664 e
783 2620 904 2666 Arrianus.
938 2619 1009 2666 Hune
1025 2630 1042 2661 a
1059 2614 1231 2663 Mecedomhus
1246 2610 1304 2661 relie-

133 2690 265 2738 Ptolemaeo
275 2689 353 2735 victus
363 2694 405 2735 est
738 2689 791 2729 tum
809 2683 891 2730 scribit
909 2681 958 2729 Cic.
980 2678 1052 2728 offic.
1070 2681 1094 2726 2.
1119 2676 1199 2726 ¹Atei
1220 2677 1303 2726 lustin

165 2757 198 2802 26
214 2754 248 2802 Et
258 2752 384 2813 hejusfilins
393 2749 539 2809 Demetrius]
558 2749 604 2795 Hic
613 2748 710 2795 urbium
738 2747 865 2803 eredimus,
880 2761 927 2793 non
943 2751 1029 2805 captus
1044 2750 1089 2799 est,
1101 2743 1146 2790 sed
1156 2742 1302 2804 seipsum&

132 2820 240 2867 obsessor
257 2820 334 2865 dictus
353 2823 398 2873 est,
421 2815 481 2862 Plin.
500 2815 539 2860 lib.
562 2814 584 2858 Ἷ.
604 2827 656 2872 cap
668 2816 707 2860 38.
739 2812 799 2858 leuci
814 2811 868 2858 fidei
884 2810 990 2864 tradidit,
1005 2815 1034 2855 ut
1046 2814 1117 2869 patet
1130 2823 1162 2855 ex
1173 2806 1210 2855 his
1219 2805 1300 2855 verbisr

131 2898 208 2943 quam
213 2877 709 2942 nominisarrogantiamarguitPlutarchus
738 2874 864 2922 Demere
877 2889 985 2936 quoquere
997 2878 1029 2919 tet
1042 2872 1169 2919 exercitibus
1183 2870 1303 2918 rium

131 2948 158 2994 in
169 2949 304 2994 Demetrio:
323 2949 421 2994 Seleuco
431 2943 551 2997 Nicanori,
564 2942 638 3002 Syriae
650 2943 708 3001 regi,
737 2945 781 2996 tus,
791 2945 916 3002 euriporset
927 2936 1086 2993 honestiorem,
1097 2937 1188 2998 turpiter
1202 2950 1226 2983 re
1237 2933 1301 2983 eea

132 3011 207 3059 filiam
215 3027 282 3058 suam
290 3014 437 3059 Stratonicen
445 3022 544 3054 uxorem
552 3006 708 3062 deditatex-
736 3003 821 3052 Seleuco
832 3004 914 3051 meluit.
1179 3014 1182 3021 ·

130 3077 202 3137 pinso
212 3076 312 3124 Athenis
321 3074 442 3123 Demetrio
451 3072 573 3125 Phalereo,
584 3072 708 3132 pristinam
769 3066 803 3125 ’30
818 3067 888 3116 Periit
903 3066 997 3126 niorto]
1036 3067 1064 3113 In
1081 3080 1156 3127 quem
1174 3064 1262 3119 incidit,
1279 3066 1300 3106 ut

131 3142 193 3203 reip,
206 3157 235 3188 ac
244 3140 361 3187 libertatis
369 3140 471 3187 formam
480 3136 708 3185 Atheniemibus're-
737 3135 811 3182 refert
837 3133 989 3189 Plutarchus,
1017 3131 1111 3179 biennio
1139 3134 1194 3192 pou
1214 3138 1299 3177 cumr

131 3205 218 3255 stituit.
454 3255 458 3263 ,
737 3198 835 3246 Seleuco
851 3198 1029 3258 perhumaniter
1041 3199 1158 3256 exemptus
1175 3192 1263 3250 mser,
1277 3188 1305 3236 h·

149 3273 198 3319 ,ΩἿ
230 3270 378 3332 Lysimachus,
420 3263 527 3322 Seleucus,
558 3263 708 3327 Ptolomeus]
737 3263 802 3324 regio
819 3269 953 3323 apparetu5
972 3260 1013 3314 sed
1027 3273 1103 3319 quum
1116 3259 1208 3307 inertie
1217 3257 1297 3315 otim

131 3336 291 3396 Lysimachus
312 3349 373 3381 unus
393 3331 546 3390 quoniame
570 3330 708 3385 custodibus
737 3343 763 3375 se
783 3328 894 3383 dedisset,
923 3340 1001 3385 neque
1029 3324 1099 3371 solito
1125 3322 1218 3371 vivendi
1243 3328 1295 3368 mu·

132 3401 194 3449 Alex
211 3403 278 3459 Mag.
296 3397 381 3449 illustri
398 3395 545 3442 Macedoniae
562 3397 613 3441 loeo
629 3400 708 3450 natus,
736 3398 852 3448 uteretur,
870 3405 901 3438 ex
922 3389 995 3436 nimia
1016 3388 1136 3435 cruditate
1154 3388 1179 3435 in
1201 3386 1293 3435 mortu

28 3524 31 3529 Ι
131 3466 273 3513 sedvirtute
283 3463 401 3512 illustrior.
428 3460 490 3506 Vide
498 3461 559 3505 Just
577 3459 617 3505 lib.
630 3462 667 3507 15.
684 3474 706 3506 c.
736 3457 832 3512 incidit,
859 3456 882 3502 a
918 3454 954 3502 ita
990 3453 1086 3501 interiit.
1130 3451 1251 3499 Plutarch.
1274 3444 1292 3493 i!

131 3532 156 3577 3.
175 3531 293 3586 Seleucus,
304 3528 344 3590 qui
360 3524 540 3585 cognominatus
550 3528 587 3570 est
597 3524 707 3581 Nicanor,
737 3525 831 3570 Demm
1010 3520 1013 3525 '

132 3608 175 3642 rex
184 3590 405 3655 Syiiae,dequojam
413 3589 553 3636 dictumest.
562 3587 708 3636 ptolemeus
769 3589 796 3632 31
832 3583 856 3630 Α
875 3582 989 3631 Ptolemae
1014 3580 1135 3639 ceruina]
1185 3579 1230 3629 Hic
1245 3574 1291 3625 fili!

131 3661 189 3705 reri>
197 3656 428 3717 omnibusAEgyptiis
438 3654 531 3713 regibus
541 3665 628 3699 nomen
638 3665 707 3699 suum
735 3651 782 3698 fuit
812 3648 935 3696 Ptolemoei
966 3646 1057 3706 prioris,
1086 3647 1210 3692 Ceratum
1232 3642 1291 3689 ditm

130 3722 211 3770 dedit:
230 3717 539 3783 virquoqnemagnussuit,
552 3717 708 3776 &prudentia
736 3718 766 3762 ab
782 3713 892 3771 audacia,
911 3713 935 3760 δι
947 3710 1031 3771 ingenii
1047 3709 1189 3758 velocitate:
1207 3703 1291 3770 nferis·

130 3785 284 3847 insigniere
304 3783 421 3849 quojam
443 3782 606 3845 supradictum
624 3785 662 3829 est
682 3782 707 3828 in
735 3782 800 3828 enim
820 3778 907 3836 srdmen
937 3774 1061 3836 significat.
1112 3773 1174 3823 Coel,
1202 3773 1239 3819 lih
1261 3765 1292 3814 ii·

131 3853 237 3902 Eumene.
489 3886 492 3895 .
735 3860 765 3891 ca
782 3844 824 3890 .6.

163 3920 195 3963 28
227 3913 284 3963 Pari
310 3912 351 3960 lero
381 3912 469 3971 effictus
491 3917 523 3957 est
548 3910 707 3972 lysiardus]
764 3860 800 3955 ire
816 3906 853 3954 Aa
876 3904 912 3952 illo
931 3903 1004 3952 eodem
1024 3899 1070 3949 vird
1091 3902 1192 3965 privares
1211 3888 1291 3963 reta]

131 3980 255 4028 Demetrio
262 3986 367 4032 mortuo,
374 3978 530 4036 Lysimachus
541 3990 598 4023 cum
609 3978 707 4023 Seleuco
737 3973 800 4020 IInir
811 3969 913 4031 opinioni
929 3969 1068 4016 adversatur
1084 3968 1148 4014 Just
1161 3966 1199 4014 lib.
1210 3964 1246 4011 ll.
1258 3966 1289 4018 Ψ

130 4045 251 4103 conflixit3
272 4044 295 4089 tc
313 4044 365 4088 haeo
382 4041 466 4087 ultima
486 4056 569 4102 pugna
586 4040 634 4086 fnit
652 4054 706 4086 suc-
735 4052 791 4085 eum
808 4053 824 4083 a
840 4035 922 4091 Gallis,
938 4047 997 4095 quos
1013 4037 1144 4092 spreverat.
1159 4014 1289 4082 visundi
1328 4043 1345 4069 u

130 4124 250 4159 cereorum
259 4106 388 4158 Alerandri
405 4105 498 4168 Magni,
512 4106 537 4154 in
553 4104 603 4167 quai
614 4103 706 4153 occisus
738 4102 761 4149 tc
773 4116 845 4165 regno
856 4099 983 4163 spoliatum
994 4097 1082 4148 scribit.

1087 4193 1098 4235 1
1118 4144 1291 4279 arura
