2694 4620
115 340 170 410 36
440 360 696 410 cosunnrr
741 358 979 422 aaronis

120 510 193 573 tem
205 507 598 591 ⁴⁰in.rcrlem.Proserpirrae
611 506 790 585 deducunt,
800 504 873 569 lfao
884 504 993 593 jurare
1001 514 1139 591 cogunt,
1151 504 1207 586 (nl
1223 502 1302 571 nihil

127 593 239 657 abillo
256 593 392 678 periculi
407 593 478 657 fore
505 593 615 657 Dioni.
660 591 794 655 ntehac
816 591 975 678 religione
992 610 1062 653 'non
1079 590 1181 657 modd
1195 590 1301 654 abina

124 690 227 763 cepto
238 701 302 741 non
318 678 501 756 deterritus,
526 676 582 743 sed
596 677 636 740 ad
650 674 874 741 maturandum
901 676 1082 739 concitatus
1094 690 1157 754 est,
1176 698 1299 754 verens,

126 785 169 828 no
180 765 272 847 prius
287 764 457 827 consilium
471 764 651 849 aperiretur
663 784 771 843 suum,
786 763 1012 848 quamconata
1026 760 1230 847 perfecisset.

70 855 115 910 t5
143 878 146 883 ·
171 850 266 913 CAP.
283 849 342 912 lX.
368 848 442 911 Hae
465 864 584 925 moute,
610 851 762 933 proximo
783 848 837 910 die
863 848 960 923 festo,
976 866 1078 932 qaum
1095 868 1117 909 a
1138 856 1299 911 conventa

127 956 163 999 se
177 947 336 998 remotum
353 936 438 999 Dion
453 934 541 999 domi
557 948 692 1014 teneret,
708 948 806 1019 atque
822 934 853 997 in
868 933 1016 997 conclavi
1030 930 1121 995 edito
1134 930 1298 995 recubuis-

125 1032 179 1083 set
194 1042 203 1095 ;
224 1020 363 1085 consciis
391 1019 464 1083 loca
488 1021 661 1083 munitiora
675 1044 695 1084 o
721 1020 792 1105 pidi
804 1016 948 1098 tradidit,
964 1017 1097 1080 domum
1113 1016 1298 1082 custodibus

128 1105 241 1189 sepsit,
254 1127 273 1167 a
287 1105 410 1169 foribus
433 1107 487 1191 qui
512 1128 577 1169 non
602 1103 690 1183 disce
732 1119 815 1183 rent,
842 1118 952 1167 certos-
973 1102 1132 1201 praefecit.
1178 1103 1298 1167 Navem
1341 1152 1343 1161 .

125 1189 306 1253 triremem·
319 1194 448 1255 armatis
475 1204 578 1268 ornat,
592 1188 620 1233 ⁴²
635 1191 875 1276 Philocratique
893 1188 983 1253 fratri
1000 1210 1060 1253 suo
1078 1187 1192 1268 tradit,
1217 1208 1300 1251 eam«
1341 1230 1343 1275 ;

71 1286 194 1359 »laque
208 1275 242 1338 iu
257 1290 352 1361 portu
365 1278 478 1361 agitari
489 1276 596 1362 jubet,
611 1289 649 1338 ut
661 1279 688 1339 si
704 1297 857 1339 exercere
865 1276 1005 1360 remiges
1015 1272 1134 1337 vellet':
1156 1276 1297 1360 cogitans
1341 1278 1343 1309 ³

125 1360 157 1421 si
171 1358 256 1424 forte
271 1362 414 1425 consiliis
424 1363 599 1425 obstitisset
611 1362 754 1439 fortuna,
770 1376 807 1423 ut
819 1360 963 1440 haberet,
976 1362 1041 1445 qud
1056 1358 1188 1444 fugeret
1201 1357 1241 1423 a'd
1254 1380 1298 1422 sa·

129 1442 241 1508 lutern.
255 1447 403 1511 .Suorum
416 1463 522 1510 autem
535 1468 553 1509 e
572 1446 743 1519 numerol'l
758 1446 956 1542 Zacynthios
971 1444 1193 1508 adolescentes
1209 1464 1297 1531 quos·

36 1568 39 1574 ·
129 1528 204 1595 (lam
225 1531 325 1617 elegit
345 1534 421 1595 crim
437 1532 677 1610 audacissimos,
693 1546 761 1595 tum
777 1531 899 1593 viribus
918 1532 1098 1607 maximos;
1122 1528 1237 1677 ὴίειόιιο
1249 1526 1299 1591 dat

130 1618 311 1702 negotium,
332 1630 366 1679 ut
380 1617 420 1680 ad
451 1619 585 1681 Dionem
608 1632 682 1680 eant
704 1620 854 1693 inermes,
869 1618 916 1678 sio
930 1629 968 1677 ut
995 1612 1175 1691 convenien
1202 1614 1211 1677 i
1233 1612 1298 1700 ejus

77 1713 117 1768 -15
130 1701 235 1784 gratia
260 1702 447 1773 viderentur
471 1705 592 1766 vcuiro.
618 1702 675 1765 ‘Hi
695 1710 827 1785 propter
846 1702 993 1765 notitiam
1018 1712 1093 1765 sunt
1117 1699 1296 1762 intromissi.

19 1814 22 1821 ¹
102 1808 105 1819 ·
127 1786 248 1869 Atilii,
264 1801 301 1850 ut
321 1787 420 1851 limen
443 1786 516 1871 ejus‘
527 1785 701 1864 intrarunt,
713 1786 740 1829 '⁴⁵‘
763 1786 887 1849 foribus
907 1786 1075 1865 obseratis,
1095 1785 1131 1846 in
1148 1783 1234 1848 lecto
1246 1782 1297 1847 cu·
1327 1788 1332 1797 '

126 1872 259 1935 bantem
275 1873 443 1952 invadunt,
458 1872 484 1915 45
495 1873 668 1957 colligant:
693 1873 730 1934 fit
743 1872 908 1957 strepitus,
923 1871 1004 1935 adeo
1018 1884 1055 1934 ut
1068 1870 1219 1935 exaudiri
1230 1890 1298 1956 pos·

126 1958 172 2019 sit
185 1957 273 2021 foris.
299 1959 378 2037 ch,
394 1959 478 2021 sicut
492 1956 566 2021 ante
580 1957 668 2043 saepe
683 1957 806 2021 (lictum
822 1971 882 2037 est,
898 1956 996 2043 quam
1017 1952 1117 2019 invisa
1134 1952 1177 2021 sit
1198 1952 1299 2039 stigio

127 2040 208 2111 laia's
216 2042 364 2125 potentio,
388 2043 416 2108 a<
436 2043 614 2109 miseranda
626 2043 689 2107 υἱέα
706 2040 760 2125 qui
777 2064 809 2105 se
832 2041 932 2106 metui
944 2045 1040 2126 quum
1053 2038 1161 2105 autari
1171 2042 1298 2117 malunt,

76 2140 119 2195 20
130 2128 235 2195 cuivis
249 2126 347 2191 facile
361 2128 528 2192 intellectu
542 2127 615 2191 fuit.
640 2130 790 2214 Namque
805 2126 852 2191 illi
877 2130 941 2212 ipsi
955 2126 1119 2206 custodes,
1141 2124 1171 2169 ⁴⁶
1183 2128 1301 2213 si¹·pro‚-·

46 2282 49 2288 ,
125 2211 215 2298 ‚pitia
227 2212 365 2277 fuissent
384 2212 567 2293 ¹voluntate,
582 2215 707 2277 foribus
730 2213 869 2277 effractis
883 2234 1010 2277 servare
1023 2234 1098 2289 ¹eum
1112 2212 1297 2297 potuissent,

131 2295 219 2383 quod
241 2297 291 2361 illi
309 2299 460 2379 inermes,
476 2299 576 2363 telum
591 2298 670 2364 foris
684 2299 879 2396 flagitantes,
904 2301 1015 2363 vivum
1036 2298 1200 2361 tenebant.
1243 2294 1308 2360 Gui-
1332 2296 1335 2301 ’

127 2403 233 2467 quum
248 2398 450 2449 succurreret
462 2406 571 2465 nemo,
588 2387 678 2471 Lyco
694 2382 826 2470 quidam
839 2384 1059 2472 Syracusanus
1071 2403 1132 2468 per
1141 2422 1144 2429 ·
1152 2383 1297 2447 fenestras

132 2466 390 2552 gladiumdedit‚
407 2491 474 2555 quo
490 2470 576 2534 Dion
591 2467 852 2535 interfectusest.
1226 2488 1234 2555 j
1279 2460 1308 2527 ²²f

78 2567 119 2623 25
174 2553 269 2624 CAR.
293 2554 337 2619 X.
362 2553 522 2621 Confecta
547 2557 650 2634 caede,
665 2577 765 2640 quum
791 2554 966 2619 multitudo
979 2552 1105 2619 visendi
1126 2550 1232 2641 gratia
1255 2552 1297 2619 ini

129 2641 272 2716 troisset,
285 2639 432 2706 nonnulli
443 2642 482 2705 ab
494 2642 604 2705 inseiis
624 2664 673 2705 iro
688 2642 794 2705 noxiis
803 2640 1020 2705 conciduntur
1033 2663 1040 2702 ε
1057 2660 1131 2703 nam
1141 2638 1239 2703 celeri
1251 2656 1295 2699 ru·

30 2804 33 2809 ⁴
129 2744 221 2793 more
235 2724 348 2805 dilato,
366 2726 467 2795 Dioni
493 2728 558 2804 rim
585 2726 725 2804 alatam,
751 2723 846 2790 multi
870 2737 1099 2791 concurrerant
1113 2725 1231 2813 quibus
1245 2721 1296 2789 tale

454 2935 943 2999 ,aurursusrarro

487 3057 524 3118 (n)
546 3059 675 3108 Nulluteruu
697 3078 720 3109 se
744 3060 817 3115 Dioni
830 3060 958 3109 neniarum.

660 3220 785 3269 NOTAE.

151 3332 317 3407 ululantum
330 3332 486 3397 Proetum]
517 3338 608 3386 Cereris
626 3340 649 3385 llo
667 3342 707 3388 Jo-
774 3343 804 3388 42
821 3342 979 3406 Philocratiqae
991 3344 1063 3403 fratri
1083 3343 1143 3403 suu]
1174 3344 1236 3391 Alias
1251 3337 1295 3387 Phi·
1326 3342 1329 3351 '

134 3398 368 3459 vrslilrae,quaecum
384 3400 409 3447 in
427 3404 519 3461 campis
537 3405 631 3450 Eumeis
639 3404 708 3451 flores
741 3405 851 3454 lustratus
860 3410 1003 3457 nominatur.

126 3462 259 3531 ‹legeretin
270 3465 571 3527 Sicilia‚aP1utonerapta
582 3474 627 3524 cst,
646 3470 668 3514 dr
685 3471 709 3516 in
774 3472 804 3517 43
828 3471 956 3533 Zacynthios
972 3472 1133 3533 adolescentes]
1175 3469 1296 3531 zacynttut

135 3528 205 3598 huius
214 3530 326 3576 honorem
336 3531 617 3591 templumerectumest.
637 3535 708 3581 Clau·
741 3535 820 3582 insula
835 3530 926 3586 estnon
937 3540 1008 3599 longe
1017 3555 1033 3586 a
1044 3538 1190 3600 Cephalouid
1205 3538 1228 3583 in
1244 3530 1296 3580 lonl⁰

134 3591 220 3639 dranus
230 3594 260 3638 ‹la
270 3604 339 3656 raptu
349 3599 456 3654 Proserp.
607 3596 609 3600 ’
742 3602 881 3657 mari,nunc
896 3603 969 3664 vulgo
984 3604 1061 3652 Zante.
1093 3606 1126 3649 At
1143 3603 1200 3649 vero
1216 3598 1295 3661 quidm

742 3681 789 3712 uon
805 3669 958 3728 Zacynthios,
984 3669 1024 3715 sal
1050 3668 1209 3728 Sagunthinos
1224 3664 1297 3722 legum»

168 3721 196 3766 41
217 3720 252 3767 Ac
260 3725 442 3782 jurmeroffvmt]
457 3726 708 3786 Sacramentumeius-
741 3740 838 3790 propter
854 3732 956 3779 nominis
973 3731 1122 3779 affinitatem.
1291 3783 1295 3793 ,

135 3785 207 3841 modi,
216 3787 279 3847 quoii
287 3790 392 3834 maxime
402 3791 576 3837 formidandum
584 3793 708 3840 existima·
773 3797 804 3843 44
820 3796 913 3843 Haribus
928 3798 1052 3855 obseratio]
1094 3796 1164 3844 Intus
1183 3797 1213 3842 ab
1228 3792 1252 3839 iis
1265 3798 1296 3849 <111¹

98 3850 269 3916 ,ubstantiae
286 3855 434 3907 solemnitate
447 3854 524 3911 fiebat,
541 3862 602 3903 testo
615 3859 708 3906 Plutar-
740 3859 865 3909 intromissi
874 3863 983 3920 fucrant5
991 3876 1129 3922 quanquam
1137 3850 1297 3909 Plutarcliusab

100 3940 107 3954 a
123 3917 181 3988 eho
190 3916 213 3963 in
224 3918 317 3973 Dione3
335 3919 375 3977 qui
393 3917 463 3966 fidem
473 3926 612 3979 prestabat,
623 3924 646 3969 in
663 3926 707 3970 Ce-
741 3924 793 3982 illis,
808 3928 848 3986 qui
857 3926 924 3974 extra
939 3933 1016 3984 orarit,
1024 3928 1119 3974 clausas
1131 3941 1174 3974 seu
1190 3925 1220 3973 ad
1229 3937 1251 3969 se
1264 3915 1297 3965 tl·

134 3980 313 4041 rerutrruplum
329 3984 480 4040 descendens,
493 3988 551 4031 ltere
567 4001 712 4047 purpuram,
740 3989 824 4036 ductas
832 4006 889 4048 csse,
906 3992 970 4038 dicit.

133 4045 274 4095 mutandam
302 4050 405 4106 peractis
430 4050 558 4107 sacrificiis
586 4052 705 4110 induebat,
771 4055 802 4101 45
819 4055 944 4117 Colligam]
959 4057 1069 4103 Vinculis
1079 4056 1219 4116 astringunt.

122 4114 231 4181 auraque
247 4112 422 4178 laoemtenens,
435 4128 460 4162 sa
476 4116 548 4163 fidem
556 4124 706 4167 servaturum
771 4121 802 4166 46
819 4119 844 4168 Si
861 4118 956 4185 propitid
972 4121 1067 4179 fuissent
1083 4120 1209 4183 relicatam]
1238 4107 1299 4162 Alias,

127 4173 232 4233 Jurabat.
465 4198 468 4205 ·
502 4222 520 4239 ,-
615 4218 617 4223 .
736 4181 830 4246 proprii.
1091 4192 1095 4199 ’

120 4280 148 4291 ‚.
176 4280 182 4291 ·
737 4251 758 4281 '·
1188 4245 1299 4311 facinus
1329 4266 1332 4279 ·
